2626 4906
167 518 249 652 raa

164 782 207 860 in
229 779 364 858 verbis
390 776 602 879 disceptari
628 777 761 878 possit,
781 785 940 868 ntante
953 781 1031 880 jam
1049 782 1143 857 bre-

164 921 270 1003 viter
294 918 508 995 monuimus
534 918 590 1017 (p.
617 917 709 1011 39),
751 941 842 992 num
868 919 1026 993 refellat
1052 920 1144 995 Ori-

82 1100 85 1105 ·
162 1083 324 1158 genem,
364 1067 430 1132 aut
454 1056 679 1148 Philonem,
720 1064 787 1129 aut
812 1055 1033 1149 Gnosticos,
1074 1057 1145 1156 qui

163 1221 315 1291 omnes,
349 1205 510 1294 praeter
542 1192 811 1288 Marcionitas,
854 1193 922 1294 qui
958 1206 1044 1268 arte
1077 1220 1146 1271 sua

163 1333 303 1409 critica
320 1333 539 1430 callidaque
557 1332 720 1430 quadam
740 1332 971 1434 explanandi
991 1330 1145 1407 ratione

162 1472 223 1548 uti
247 1472 429 1565 mallent,
470 1496 601 1581 omnes
633 1470 756 1569 igitur
787 1470 934 1546 Gnosin
965 1478 1069 1544 suam
1101 1470 1146 1543 in

162 1608 281 1686 sacris
307 1607 512 1708 scripturis
539 1607 791 1708 exquisituri,
833 1607 1048 1708 allegorico
1076 1634 1145 1706 ge-

163 1747 252 1822 neri
276 1745 550 1846 indulgerent,
586 1744 714 1820 veluti
738 1746 969 1822 Valentinus
996 1746 1146 1823 Barde·

162 1883 398 1977 sanistaeve,
437 1882 506 1981 qui
539 1881 658 1958 Mosis
685 1882 829 1983 scripta
856 1884 1016 1981 quidem
1041 1883 1146 1959 reci-

162 2031 308 2122 perent
332 2020 412 2112 1⁷⁸),
450 2021 521 2094 sed
546 2031 675 2095 tamen
699 2032 867 2120 propter
892 2021 1145 2119 allegoricam

164 2184 209 2232 ac
244 2166 460 2238 contortam
494 2157 684 2255 quandam
725 2158 985 2234 Pentateuchi
1020 2157 1145 2233 inter-

164 2293 425 2394 pretationem
459 2294 507 2368 ab
541 2294 764 2393 Ephraemo
802 2296 1039 2396 castigantur
1075 2297 1143 2391 1⁷⁹).
1171 2297 1175 2304 ’

163 2433 247 2509 Nec
273 2433 395 2506 minus
421 2431 573 2529 respuit
594 2432 856 2507 Audianorum
871 2435 954 2510 sive
976 2434 1143 2509 Anthro-

164 2571 531 2670 pomorphistarum,
579 2594 675 2666 quos
720 2570 805 2669 ipse
858 2573 994 2673 plures
1033 2574 1144 2649 inter

164 2710 258 2783 alios
295 2706 514 2780 haereticos
552 2718 733 2782 recenset
771 2710 847 2804 ¹⁸⁰),
870 2711 1145 2792 tristissimum

163 2951 244 3007 Alias
263 2950 311 3004 ubi
330 2948 418 3013 redit,
443 2948 558 3002 verbum
578 2948 717 3014 Turgoma
734 2949 940 3018 expositionem
958 2967 980 3008 s.
999 2952 1144 3023 interpre-

166 3060 300 3118 tationem
318 3053 464 3124 significat
499 3051 606 3118 Actl,
625 3057 667 3109 19.
702 3054 791 3125 Ephr.
810 3053 834 3108 1.
852 3059 895 3112 91.
913 3055 937 3110 F
944 3074 953 3122 ς
986 3056 1055 3110 alias
1073 3075 1145 3113 vero

163 3164 292 3218 Glossam
310 3177 332 3215 s.
350 3157 610 3224 interpretationem
634 3156 663 3212 S.
683 3154 712 3213 S.
735 3157 856 3214 'Videas
881 3158 920 3215 sis
947 3159 1079 3216 Assem.
1107 3162 1144 3218 B.

163 3267 242 3323 0.1.
269 3284 299 3334 p.
316 3269 360 3321 23.
385 3266 428 3320 39.
454 3265 513 3318 165.
531 3266 582 3318 350
600 3260 663 3327 ἣτις
690 3261 760 3315 alias
784 3262 905 3330 denique
931 3262 1074 3333 Turgoma
1099 3275 1145 3320 est

163 3367 291 3424 Homilia
308 3368 337 3420 in
355 3365 539 3432 Evangelium
556 3363 617 3417 sive
637 3364 710 3419 diem
728 3365 872 3433 festivum,
898 3367 989 3422 soluta
1016 3368 1143 3425 numeris

162 3471 299 3526 oratione.
318 3469 425 3524 Assem.
444 3469 499 3524 1.1.
519 3468 544 3524 Ι.
561 3474 622 3528 304.
641 3473 667 3527 9.
686 3467 742 3523 ΙΙΙ.
761 3473 787 3535 1,
805 3474 848 3528 66.

101 3674 106 3685 ,
214 3613 277 3673 178)
296 3609 385 3678 Ephr.
403 3607 466 3664 adv.
484 3608 561 3664 haer.
579 3613 623 3665 21.
641 3605 681 3662 11.
700 3611 760 3664 483.
779 3608 816 3662 D.
830 3642 864 3653 -

214 3750 277 3810 179)
295 3747 337 3802 ΙΙ.
354 3749 414 3806 558.
432 3747 528 3832 Β-Ῑ).
547 3747 612 3802 coll.
631 3763 659 3816 p.
678 3749 738 3803 441.
755 3745 793 3800 D.
810 3747 846 3802 Ε.

213 3887 276 3951 rea)
295 3869 387 3948 offas
414 3884 476 3940 aaa.
504 3884 581 3940 haer.
606 3888 652 3943 rr.
680 3884 721 3940 ιι.
752 3888 814 3944 ree.
840 3885 872 3942 c.
899 3885 993 3959 hymn.
1020 3892 1065 3947 aa.
1097 3889 1141 3946 11.
1182 3896 1191 3914 ·

163 3989 226 4045 485.
242 3987 277 4043 Ε.
296 4021 329 4033 -
346 3986 426 4044 Alibi
443 4005 512 4044 vero
530 3989 583 4053 (11.
600 3993 661 4049 tta.
677 3989 723 4056 F.)
740 3988 788 4045 isti
805 3991 943 4047 haeretici
961 3992 1144 4061 appellantur
