2626 4906
1086 605 1137 684 15

159 809 375 888 verborum
400 807 660 886 hebraeorum
673 809 1030 911 interpretationes,
1054 821 1138 892 turn

158 947 403 1025 narrationes
447 947 675 1024 memoriter
716 948 896 1046 traditas,
945 961 1029 1028 tum
1062 951 1138 1028 alia

157 1087 277 1189 plura
303 1085 521 1184 diligenter
569 1085 877 1163 considerantes:
926 1087 1138 1165 dicendum

158 1224 318 1301 omnino
343 1232 421 1298 esta
448 1222 646 1299 maximam
669 1224 784 1323 hujus
805 1223 962 1324 generis
987 1237 1139 1326 partem

158 1365 211 1438 ab
238 1361 478 1440 Judaeorum
502 1360 718 1462 disciplina
752 1362 964 1439 denuntam
993 1362 1135 1441 videri

159 1501 315 1579 Scitum
356 1508 417 1576 est
456 1497 579 1595 enim,
630 1500 880 1598 frequentem
912 1500 1032 1577 fuisse
1068 1504 1139 1580 Ju-

159 1641 348 1715 daeorum
373 1636 416 1712 in
439 1635 729 1738 Mesopotamia,
755 1663 875 1737 quum
898 1638 1139 1740 Ephraemus

157 1776 218 1853 ibi
268 1774 389 1853 vitam
443 1774 636 1874 degeret,
685 1775 976 1854 multitudinem
1021 1788 1139 1876 atque

159 1938 319 1993 omnem
342 1910 498 2014 Syriam
528 1914 608 2012 jam
631 1911 792 1987 Flavii
816 1913 1018 2014 Josephi
1043 1926 1140 1991 tem-

161 2077 278 2154 pore,
312 2049 501 2151 imprimis
526 2073 625 2127 vero
649 2049 869 2150 praeclaras
893 2049 981 2126 illas
1006 2051 1140 2148 urbes,

166 2189 399 2267 Antiocham
449 2187 633 2264 nimirum
684 2188 753 2282 ²³),
814 2188 1056 2291 Babylonem
1080 2192 1140 2286 ²⁴),

164 2327 359 2408 Neardam
384 2324 629 2425 vicinamque
662 2324 835 2423 Nisibin,
873 2353 951 2428 qua
973 2340 1140 2426 utraque

162 2465 326 2566 quidem
374 2465 483 2541 urbe
502 2475 713 2562 tamquam
751 2466 944 2543 communi
988 2465 1141 2542 aerario

160 2601 340 2682 Herodis
364 2614 544 2704 tempore
569 2602 712 2680 Judaei
735 2588 944 2681 uterentur
968 2604 1027 2699 ²⁵),
1058 2602 1142 2680 istis

159 2740 385 2823 hominibus
403 2743 627 2838 abundasse,
647 2767 745 2842 quos
762 2742 1000 2817 circumcisos
1011 2765 1142 2818 erron-

160 2897 220 2977 tes
252 2881 300 2975 ²⁶)
335 2889 470 2957 noster
500 2881 674 2984 appellat
695 2891 822 2980 atque
855 2878 1069 2956 innumeris
1098 2876 1143 2957 in

161 3017 278 3116 locis,
302 3019 371 3096 vel
394 3029 564 3122 propter
588 3018 809 3119 dogmatum
834 3017 1141 3118 corruptionem,

162 3159 236 3236 vel
259 3167 428 3260 propter
441 3157 666 3236 dominandi
681 3167 724 3233 et
734 3155 956 3259 proselytos
971 3152 1144 3231 faciendi

216 3505 266 3570 23)
283 3501 354 3559 Ios.
372 3502 408 3559 de
424 3501 459 3560 B.
477 3500 505 3558 J.
522 3501 592 3562 vn.
609 3506 636 3562 3.
652 3505 680 3563 3.
714 3501 755 3560 11.
772 3519 801 3576 p.
820 3505 881 3562 tot.
899 3499 944 3558 ed.
961 3499 1108 3556 Haverk.

218 3644 266 3706 nt)
284 3643 321 3710 ej,
339 3641 436 3711 Antiq.
454 3641 522 3700 XV.
546 3646 575 3701 2.
591 3645 619 3702 2.
647 3642 682 3699 T.
700 3642 725 3700 I.
743 3661 773 3711 p.
791 3646 852 3701 tn.
879 3658 904 3698 c.
931 3635 1144 3721 spanhemii

166 3753 260 3802 annot
281 3744 403 3816 margini
417 3746 564 3815 adspersa.

165 3965 169 3971 Ι
219 3886 267 3951 25)
284 3885 305 3942 1.
323 3885 344 3941 l.
363 3882 481 3975 XVIII.
499 3887 526 3943 9.
544 3888 617 3953 Lo.
635 3886 697 3945 906.

219 4020 665 4117 wffmfflstmm
