2626 4906
981 621 1033 701 93

68 821 218 900 extulit
256 821 511 924 Ephraemus,
554 846 672 923 quum
715 831 804 898 ante
849 849 937 901 enm
979 827 1031 904 de

65 962 220 1062 scriptis
263 961 474 1060 exegeticis
522 962 673 1060 syriace
716 961 878 1035 exaratis
915 962 1032 1038 litera

65 1099 172 1173 nulla
198 1086 317 1192 esset,
356 1100 552 1197 longeque
586 1096 770 1192 omnium,
808 1098 1030 1197 quicunque

65 1236 105 1310 in
135 1234 412 1334 Mesopotamia
448 1234 789 1332 interpretationes
824 1234 1030 1335 scripsere,

65 1371 210 1471 exstitit
252 1384 291 1474 et
331 1370 520 1470 gravitate
564 1369 748 1469 princeps
788 1383 920 1445 noster
954 1374 1030 1467 ¹²⁹),

65 1533 136 1606 qua
163 1507 205 1581 in
231 1508 361 1581 schola
389 1507 524 1580 docuit
549 1506 656 1600 alios,
682 1505 750 1604 qui
769 1504 1030 1583 inscribendo

65 1644 333 1719 excelluerunt
360 1654 400 1717 et
422 1643 556 1717 eadem
569 1643 633 1718 via
653 1643 848 1742 progressi
868 1643 1041 1753 praesti-¹¹

65 1791 207 1857 terunt.
260 1781 388 1879 Atque
414 1781 490 1855 hoc
523 1779 761 1875 institutum,
798 1791 898 1856 teste
929 1780 1029 1857 Ben-

69 2131 192 2193 excerptu
208 2122 301 2193 potius
318 2139 355 2177 ex
373 2124 433 2192 ejus
450 2120 532 2178 libris
548 2138 629 2192 quam
646 2121 724 2192 ipsos
737 2119 826 2177 libros
840 2138 910 2178 esse.
945 2123 1029 2190 „Hoc

67 2227 176 2294 quidem
192 2243 246 2294 ego
264 2226 365 2295 puto,“
390 2225 489 2294 inquit,
512 2242 584 2292 „nec
605 2224 790 2295 improbabile
811 2227 929 2281 tortasse
945 2227 1026 2282 vide·

65 2308 136 2384 bitur
153 2328 191 2384 iis
209 2346 280 2397 quos
296 2312 352 2383 non
368 2330 449 2396 latet,
471 2331 560 2385 libros
577 2329 662 2382 hosce
678 2345 716 2382 ex
733 2328 850 2396 Catena,
872 2339 902 2382 ut
918 2339 1027 2397 vocant,

65 2432 242 2502 transcriptos
264 2432 409 2501 editosque
434 2432 520 2487 luisse
544 2431 703 2500 [Assem.
715 2431 760 2487 ⁸13.
785 2432 819 2487 Ο.
843 2431 867 2486 1.
890 2430 950 2498 63.]
993 2434 1028 2489 Iu

64 2552 115 2604 qua
139 2553 203 2589 mea
233 2536 369 2612 sententia
400 2536 455 2590 hoc
481 2553 525 2589 me
549 2535 669 2589 maxime
692 2543 781 2600 tenet,
807 2534 882 2601 quod
908 2533 1027 2589 viderim

64 2635 151 2711 Syros
175 2638 237 2692 loca
267 2637 353 2693 citare
378 2655 415 2694 ex
445 2635 596 2707 Ephraemi
620 2635 829 2692 Commentariis
855 2646 884 2690 et
915 2637 1026 2704 quidem

62 2740 122 2795 loca
148 2739 271 2809 quaein
292 2740 379 2796 verba
397 2739 516 2813 Syriaca
533 2750 563 2795 ut
580 2741 699 2795 obscure
717 2720 928 2806 commentatur,
955 2757 1027 2808 quae

63 2851 151 2898 tamen
169 2845 230 2910 ejus
248 2844 380 2911 operibus
397 2842 524 2899 invenire
539 2860 592 2911 per
608 2860 652 2896 me
669 2860 725 2897 non
750 2842 846 2897 licet.“
869 2877 903 2887 -
927 2843 1027 2910 Neque

62 2963 129 3002 vero
146 2945 274 3014 equidem
291 2946 457 3012 sententiae,
476 2962 557 3014 quam
573 2945 669 3015 posuit
686 2944 730 2999 vir
748 2945 862 3010 doctus,
889 2946 1025 3000 calculum

62 3049 185 3117 adJicere
202 3066 237 3103 eo
254 3048 345 3104 minus
362 3047 562 3114 dubitaverim,
591 3064 647 3116 quo
665 3046 819 3100 mirabilius
836 3046 918 3101 etiam
934 3045 1026 3102 videri

62 3152 153 3219 (lebet,
180 3152 254 3221 quod
278 3153 450 3222 prruemus
474 3150 624 3219 aliquando
649 3148 767 3217 integris
789 3150 869 3202 etiam
887 3148 1024 3220 capitibus

63 3256 90 3311 in
109 3255 210 3325 quibus
228 3257 341 3310 multum
358 3264 401 3310 est
417 3254 538 3324 negotii,
564 3271 600 3308 ne
626 3269 734 3308 manum
760 3252 871 3320 quidem
893 3261 1023 3320 apponat

61 3357 117 3426 sic,
137 3367 206 3413 teste
222 3357 412 3414 Fabricio
430 3358 460 3412 in
478 3357 546 3413 cod.
564 3356 613 3411 Ps.
630 3357 669 3413 V.
687 3355 720 3411 T.
739 3354 778 3410 11.
797 3359 856 3422 243,
880 3356 953 3428 apud
971 3356 1021 3412 Jo.

62 3459 288 3530 Greg20rium
310 3463 340 3517 in
368 3462 509 3517 Observtt.
536 3460 623 3515 sacris
641 3477 664 3514 c.
682 3461 717 3516 25
743 3459 832 3520 (Tom.
851 3459 905 3513 IX.
924 3456 1022 3514 Critic.

61 3563 135 3620 Sucr.
154 3564 252 3633 Angl.)
278 3582 315 3619 ex
332 3565 435 3620 Calena
459 3562 570 3618 arabica
585 3561 647 3617 MS.
675 3560 704 3615 in
722 3561 859 3627 Genesin,
895 3562 1023 3629 prrue-

60 3667 166 3722 misnae
197 3668 337 3734 cujusdam
367 3664 601 3735 interpretationis
631 3664 664 3719 fit
696 3663 842 3730 memoria,
882 3681 953 3732 quae
991 3663 1022 3720 in
1085 3691 1090 3706 ·

60 3769 210 3839 Ephraemi
228 3771 302 3842 Opp.
320 3769 401 3824 editis
419 3778 494 3824 certe
511 3768 692 3824 desideratur.

110 3911 173 3971 129)
187 3905 308 3983 Ἐφραΐμ
325 3903 340 3962 ὁ
357 3880 526 3972 sonulani,
555 3900 732 3981 συγγραφεὺς
756 3901 787 3958 δὲ
814 3890 892 3969 οὗτος
913 3897 1022 3976 ἄριστος

62 4006 137 4084 παρὰ
153 4004 253 4087 Σύροις
268 4010 385 4082 ἐγένετο.
427 4009 596 4066 Τὴεοάοῐεί,
613 4009 650 4066 ll.
668 4009 702 4066 E.
720 4007 760 4064 11.
777 4012 821 4068 30.
838 4008 902 4065 coll.
914 4006 1021 4066 was.
