2626 4906
989 616 1039 698 61

76 822 453 922 constats'propter
499 800 710 897 verborum
738 823 1039 922 'teelinicorum

73 985 167 1058 quae
193 959 236 1032 in
261 959 381 1032 rebus
405 959 632 1057 dogmaticis
652 972 901 1061 usurpantur&
927 989 1039 1039 accu-

10 1178 12 1195 .
71 1097 251 1170 ratiorem
277 1096 474 1170 delectum
493 1108 534 1171 et
542 1098 731 1173 subtilem
749 1100 1038 1201 dilucidamque

71 1235 287 1333 dogmatum
313 1203 651 1333 explicationem,
708 1237 879 1336 denique
927 1266 1037 1334 vero,

70 1373 171 1470 quod
205 1396 254 1446 ex
284 1372 398 1446 modo
421 1371 635 1491 *dispirt'atis
660 1385 802 1472 sponte*
819 1376 899 1472 jam
913 1361 1050 1452 nelli-²

69 1510 189 1609 gitur,
227 1505 395 1608 propter
419 1509 621 1584 meliorem
647 1509 915 1611 sanioremque
940 1514 1045 1588 scri-'

67 1661 203 1746 pturae
230 1671 360 1720 sacrae
386 1646 760 1745 interpretationem.
802 1644 971 1748 ''Itaqme
991 1650 1034 1725 in

66 1783 165 1858 omni
211 1784 391 1858 Aramaea
411 1758 667 1858 'occidentali
705 1810 780 1858 una
819 1770 1033 1885 eademque

65 1922 135 2017 via,
150 1947 263 2036 ¹quae
290 1920 463 2021 practica
489 1921 623 1995 vocari
648 1922 760 2014 solet,
788 1922 874 1998 sere
900 1936 1032 1999 omnes

63 2054 254 2134 incessere
282 2030 400 2133 etde
433 2040 613 2132 universa
650 2058 896 2158 omniumque
928 2084 1031 2136 com·-

62 2196 165 2272 muni
193 2167 354 2295 qttaila‘m
378 2195 641 2290 institutione,
682 2196 764 2271 siva
791 2198 1040 2298 exegeticam'·

61 2334 142 2408 sive
170 2304 423 2434 dogmaticam
449 2332 691 2432 disciplinam
722 2317 926 2433 spectaris,
965 2348 1038 2410 au-¹

59 2472 193 2572 garrari
216 2471 323 2548 licet.
388 2459 500 2544 Hanc
538 2448 661 2570 igitur
693 2469 794 2545 viam
827 2444 1030 2572 persecuti

59 2635 146 2721 cum
171 2608 355 2709 Origenis
380 2608 511 2684 schola
530 2616 727 2682 certamen
745 2607 931 2703 inierunt,
956 2609 1028 2683 sed

57 2748 187 2843 fiebat,
213 2758 257 2822 ut
282 2748 393 2842 solet,
418 2755 464 2821 ut
482 2771 531 2820 ex
544 2746 892 2822 doctrinarum-sibi
905 2731 1037 2846 lippo-²

57 2885 214 2960 sitarum
234 2884 507 2979 conflictione·
527 2884 685 2960 maxima
712 2866 901 2958 ecclesiae
927 2885 1027 2960 salus
1080 2959 1082 2967 ,

56 3013 398 3126 progigneretur.¹
431 3090 435 3102 ,
482 2999 486 3004 ⁷

32 3200 41 3229 e
131 3163 183 3238 At
208 3180 305 3237 vero
311 3220 324 3259 ‚
350 3159 528 3261 quoniam
553 3183 618 3234 res
642 3157 833 3260 postulat,
874 3156 919 3230 in
939 3158 1024 3232 fon-

54 3308 132 3377 tem
160 3326 209 3376 ex
234 3326 311 3400 quo
336 3298 476 3374 melior
500 3297 569 3371 illa
598 3277 886 3396 interpretandi
904 3295 1023 3390 ratio,

53 3441 96 3516 in
121 3437 397 3541 quapilramaei
423 3436 654 3529 floruenmt,
681 3416 871 3508 emanasse
895 3432 1024 3508 existi-

52 3578 149 3654 mari
173 3548 315 3677 petest,
348 3574 593 3673 inquiramus.
657 3570 751 3645 'l'ria
788 3594 885 3645 vero
921 3580 1036 3664 sunt,

51 3729 96 3792 ut
121 3742 197 3817 ego
224 3713 381 3815 quidem
406 3711 543 3805 sentio,
575 3734 673 3809 quae
699 3705 812 3782 illius·
830 3706 1036 3807 originem¹

24 3848 199 3954 'possint
235 3860 456 3931 monstrare.
520 3847 590 3924 Est
633 3845 736 3921 enim
761 3824 940 3944 primum
977 3843 1021 3917 id

49 3991 208 4068 omnino
242 4013 380 4067 verum
417 3985 523 4088 quod
556 3984 643 4060 viro
678 3981 897 4085 perillustri
922 4004 1020 4055 sum-
