2626 4906
769 679 782 710 ,
1085 617 1160 699 13“

160 820 299 920 paullo
324 820 439 897 latius
464 829 583 924 patet.
649 823 838 905 Quoniam
864 824 967 900 enim
992 827 1134 905 multus

159 959 403 1058 Ephraemus
420 971 479 1034 est
490 958 532 1035 in
551 959 683 1037 verbis
698 973 739 1036 et
752 962 953 1039 sententiis
972 963 1135 1041 aliorum

162 1231 322 1286 Ghotdoeoa
346 1231 555 1300 intumentia
580 1231 652 1300 teir,
685 1235 756 1305 quod
779 1251 829 1305 per
855 1252 938 1291 caesa
964 1244 991 1292 et
1014 1237 1134 1293 dissecto

161 1337 294 1403 quaedam
320 1335 472 1389 animalium
495 1337 629 1391 cadavere
654 1339 805 1395 transirent
833 1346 860 1394 et
881 1346 1075 1410 precarentur:
1101 1332 1135 1397 ne

158 1440 227 1506 pari
242 1439 322 1492 modo
338 1438 418 1492 nodia
434 1440 561 1494 aendor!
596 1443 676 1499 Quum
693 1441 842 1497 abrotani
866 1458 953 1510 genos
970 1449 1042 1498 estet
1058 1442 1134 1498 clant-

160 1544 256 1596 dneum
274 1542 350 1611 isque
368 1558 402 1596 e:
414 1543 512 1611 patrio
533 1560 584 1599 auo
609 1560 739 1612 egressae
748 1546 872 1614 suisset,
898 1563 989 1602 terma
1010 1546 1135 1602 adhibuit

160 1646 226 1700 deut
246 1645 386 1699 secandum
411 1663 485 1700 somn
500 1649 673 1716 voluntatem,
685 1722 687 1726 Α
699 1655 730 1704 et
752 1651 962 1719 quenadmodum
981 1665 1038 1704 moa
1058 1650 1136 1706 itlius
1220 1632 1222 1637 ⁴

157 1750 301 1818 poscebat,
314 1751 394 1816 justo
411 1750 488 1803 ruodo
499 1753 678 1820 juramentum
695 1753 815 1806 sanciret
831 1760 910 1822 atque
922 1753 1136 1822 pangeret.-“

159 1851 308 1918 Tertium,
335 1861 365 1906 ut
390 1851 527 1908 voluntati
552 1864 662 1909 vestrae
687 1854 853 1922 largiamur,
880 1855 988 1909 habetis
1014 1854 1044 1908 in
1069 1855 1135 1912 loco

160 1954 235 2010 Gen.
255 1958 300 2021 15,
319 1953 399 2012 121.
417 1954 436 2010 1.
454 1973 483 2026 p.
502 1960 561 2013 162.
580 1956 613 2010 B.
633 1957 663 2012 C.
683 1957 732 2012 ubi
749 1966 835 2012 status
853 1956 1014 2025 depingitur
1030 1956 1060 2013 iu
1078 1974 1136 2026 quo

158 2057 340 2112 Abrahamus
364 2060 542 2126 versabatur,
568 2058 686 2128 qui‘dei
712 2059 870 2128 praesentia
891 2061 1034 2131 gauderet.
1079 2060 1136 2116 Hic

159 2178 232 2216 vero
250 2160 287 2214 ad
305 2161 405 2215 verba:
429 2164 482 2218 »nt
498 2166 543 2218 sol
559 2165 589 2217 in
607 2181 639 2219 eo
658 2171 732 2231 erot,
750 2171 781 2219 nt
797 2164 931 2235 occideret
948 2170 975 2219 ct
991 2181 1076 2237 sopor
1091 2164 1135 2220 in·

161 2265 231 2318 cidit
248 2263 279 2319 in
294 2262 473 2321 Abrotonum
491 2273 518 2321 et
534 2284 595 2323 ecce
611 2275 701 2324 terror
715 2269 886 2337 tenebraeque
900 2267 1009 2336 spissae
1022 2285 1135 2339 oppret-

163 2375 255 2422 cernat
264 2368 458 2436 etone-haec,
467 2386 538 2437 quae
546 2371 738 2440 adscripturus
746 2387 816 2437 sum,
826 2369 1005 2426 adnotantur:
1021 2371 1135 2438 „Onne-

163 2487 226 2525 nam
243 2471 328 2539 nujus
355 2472 473 2527 terroris
497 2472 550 2528 tuit
566 2477 679 2530 caussa!
715 2473 875 2540 Explicabo
901 2490 976 2539 eam,
1003 2484 1135 2544 quantum

160 2585 273 2644 potero.
326 2574 397 2630 Erat
429 2575 502 2630 enim
529 2594 566 2631 ex
594 2577 797 2639 ‚consuetudine
822 2576 1026 2633 Chaldaeorum
1051 2577 1135 2635 etiam

160 2679 250 2746 illud,
269 2693 325 2746 qua
340 2695 439 2734 versus
457 2696 522 2735 aves
539 2657 681 2756 volarent,
707 2681 867 2752 explorare.
914 2682 1023 2737 Quibus
1046 2682 1135 2738 idem·

159 2771 247 2837 tidem
265 2780 334 2837 deus
352 2781 481 2850 indulsit,
519 2800 604 2852 quum
621 2782 721 2865 sciret,
748 2782 875 2841 homines
900 2783 971 2840 illud
987 2766 1034 2841 'ex
1056 2802 1136 2844 more

158 2903 214 2942 suo
232 2885 327 2941 iacere
342 2886 443 2943 solitos
462 2903 533 2944 esse.
586 2887 678 2945 Quum
702 2887 788 2958 igitur
813 2905 879 2945 aves
905 2905 991 2961 super
1013 2888 1136 2964 dissecta

159 2991 337 3046 membrano
354 2999 585 3061 congregassent,
603 2991 762 3046 attendebat
778 2991 967 3060 Abrahnmus,
992 2992 1135 3063 quomodo

159 3095 275 3152 tandem
301 3111 363 3150 cum
386 3093 423 3150 iis
447 3095 536 3150 acturi
558 3104 651 3148 essent
668 3103 695 3149 et
713 3110 857 3162 quamnam
875 3095 1019 3163 regionem
1036 3078 1135 3153 iiersus

92 3172 97 3183 ”
159 3208 256 3256 essent
272 3197 405 3254 volaturi.
449 3197 655 3255 Existimabam
676 3197 750 3254 enim
767 3197 1134 3268 (condemnaturum,

159 3301 185 3357 si
203 3302 371 3358 carnivorae
387 3301 473 3358 alites·
490 3275 597 3371 eaeque
621 3301 779 3358 immundae
800 3297 929 3357 dissectis
945 3301 1076 3386 partibus¹
1089 3302 1134 3359 im

160 3406 324 3462 sisterent.“
352 3441 385 3454 -
410 3406 552 3475 Attamen,
584 3423 621 3461 ne
647 3390 734 3462 nimia
759 3404 952 3476 exemplorum
978 3405 1062 3476 copia
1086 3405 1135 3462 hic

160 3511 426 3580 aggestatastidium
442 3510 523 3564 vobis
541 3527 637 3565 creare
659 3486 765 3575 uidear,
783 3510 911 3564 accedam
928 3509 965 3564 ad
976 3518 1134 3566 extremum

161 3618 224 3683 ejus
240 3615 362 3684 generis,
381 3614 457 3683 quod
475 3613 652 3681 instituimus,
670 3614 839 3695 exemplum.
874 3613 921 3668 nd
939 3613 1010 3670 Gen.
1029 3617 1072 3680 15,
1090 3617 1133 3670 11.
1175 3618 1182 3634 ’

160 3719 194 3779 (l.
212 3718 232 3773 1.
251 3737 280 3787 p.
300 3722 352 3776 162
369 3719 417 3778 E.)
435 3735 491 3786 quo
508 3717 637 3773 nimirum
654 3719 684 3771 in
695 3717 768 3773 ,loco
785 3715 821 3769 de
838 3716 950 3770 clibano
968 3717 1088 3771 fumante
1105 3724 1134 3772 et

163 3821 224 3875 tace
242 3821 336 3890 ignea,
364 3837 436 3888 quae
457 3838 509 3890 per
525 3815 620 3889 partes
636 3819 701 3876 illas
718 3817 877 3874 animalium
894 3818 1028 3874 dissectas
1043 3828 1133 3875 trans-

161 3923 254 3990 irent,
283 3934 421 3992 nmquam
440 3923 474 3978 de
491 3923 537 3978 dei
555 3923 710 3993 praesentis
728 3939 760 3978 ae
776 3922 876 3978 foedus
894 3938 956 3981 oum
973 3922 1133 3979 Abrahomo

160 4026 292 4084 ferientis
309 4025 438 4096 indiciis,
456 4044 548 4085 sermo
565 4036 622 4096 est,
639 4027 675 4083 ad
692 4025 785 4096 illum,
802 4027 929 4097 inquam,
947 4027 1056 4094 iocum,
1074 4022 1132 4099 die·
