2626 4906
956 606 1033 687 141

60 812 208 908 tendit,
257 811 326 912 qui
351 810 532 888 vaticinia
558 819 623 886 aut
653 810 701 887 in'
720 811 821 912 legis
845 811 1032 890 mosaicae

61 951 199 1026 diebus
221 952 300 1049 jam
325 949 519 1049 completa
544 975 628 1024 esse
653 959 856 1049 putarent,
889 961 956 1025 aut
980 953 1033 1029 de

61 1087 200 1162 sutu'ris
227 1088 454 1186 quibusdam
481 1087 644 1180 eventis,
669 1086 796 1162 veluti
820 1088 872 1162 de
889 1088 1034 1190 Hiero·

62 1225 218 1325 solymis
244 1222 499 1299 instaurandis
524 1223 757 1299 somniarent
782 1225 849 1332 ²²⁴).

58 1442 286 1456 -ffl

61 1585 187 1656 mysteria
217 1589 308 1637 euentu
332 1583 503 1652 comprobata
527 1565 590 1638 eunt
630 1567 776 1646 (Ἱᾞηῖὖτς,
797 1563 905 1656 intiba„
922 1572 1030 1659 stup),

61 1691 108 1742 sed
123 1690 178 1743 iste
202 1687 347 1753 (Judaeus)
373 1689 499 1753 negando
524 1686 643 1753 insistit,
669 1688 737 1741 idern
760 1688 831 1741 iliud
849 1703 937 1741 uemm
963 1705 1031 1744 esse.

61 1797 134 1851 Quae
144 1793 248 1860 sutura
265 1797 351 1855 aaut,
377 1790 540 1858 acciderunt,
565 1793 616 1844 sed
634 1790 688 1844 iste
704 1797 789 1857 negat
806 1780 905 1858 etiam,
921 1808 954 1845 ea
965 1792 1033 1857 fieri

60 1896 201 1965 incepisse.
246 1896 349 1963 Typos‚
377 1910 395 1944 a
410 1893 549 1960 prophetis
565 1895 752 1962 adasaoratos,
778 1893 894 1964 implevit
919 1901 946 1948 et
966 1912 1032 1964 per·

54 1999 126 2066 secit
148 1999 271 2050 edantur
287 2003 388 2062 noster,
410 1996 459 2049 sed
472 1998 588 2065 populas
604 1997 688 2051 durus
706 2003 732 2050 et
745 2004 939 2066 praeposterus
950 2001 1032 2066 jurat

59 2108 86 2155 et
101 2101 132 2154 in
149 2116 180 2153 eo
199 2099 338 2168 persistit,
364 2100 476 2152 nondam
496 2115 566 2153 aava
588 2099 720 2166 euenisse,
746 2105 825 2168 atque
849 2101 917 2154 adeo
944 2100 1032 2154 amaia

58 2202 186 2275 mysteria
203 2201 289 2256 adhuc
313 2218 373 2255 esee
396 2208 544 2256 reseruata.
589 2204 612 2257 0
635 2202 753 2270 stupidi,
778 2219 912 2271 quousque
936 2221 1032 2273 sapere

28 2341 31 2345 -
59 2305 175 2361 uoletis!
209 2304 356 2358 Accedite!
389 2302 559 2374 Inquiramus
577 2307 658 2373 justa
674 2305 781 2363 ratione
798 2305 827 2358 in
842 2305 1032 2374 prophetarum

58 2413 145 2479 effata
168 2414 195 2460 et
216 2407 365 2475 videamus,
391 2415 477 2462 atrum
501 2409 628 2479 anysteria
652 2408 717 2476 itta,
750 2382 937 2477 quaeetocuti
961 2417 1031 2477 suat,

57 2519 173 2567 euentum
189 2509 360 2567 maantam
377 2544 410 2555 -
427 2510 481 2565 His
498 2509 647 2581 peroratis
665 2510 798 2579 deinceps
816 2510 927 2581 singula
943 2511 982 2569 V.
995 2512 1031 2566 T.

58 2615 192 2671 vaticinia
208 2623 291 2681 atque
308 2623 392 2686 typos
410 2613 516 2669 Christi
537 2623 566 2669 et
588 2614 759 2669 iudaeorum
777 2614 864 2668 futuri
882 2614 1031 2670 infortunii

57 2727 205 2789 percenset
233 2717 382 2785 omniaque
405 2719 463 2786 J'am
479 2717 510 2772 in
528 2717 641 2773 christo
665 2718 700 2772 ad
717 2716 802 2771 finem
818 2735 880 2772 esse
897 2718 1032 2790 perducta

57 2831 219 2889 euentuque
236 2821 426 2892 comprobata,
444 2820 573 2878 ostendit.
596 2855 631 2868 -
656 2822 785 2877 Ceterum
808 2821 969 2877 consulatur
991 2821 1030 2879 V.

58 2925 90 2983 S.
107 2924 146 2982 V.
164 2924 285 2990 Hahn,
311 2923 360 2991 qui
384 2939 539 2977 sermonem
565 2923 643 2978 illum
669 2924 843 2995 praeclarum
861 2933 983 2977 nostram
1001 2922 1031 2979 in

57 3029 183 3098 lingnam
200 3026 325 3082 reddidit
342 3036 370 3080 et
387 3025 612 3081 annotationibus
635 3024 784 3091 instruxit,
811 3023 841 3078 in
859 3024 1031 3093 Illgenii

58 3132 97 3190 V.
115 3128 146 3188 S.
165 3129 203 3187 V.
221 3131 306 3195 libro,
324 3128 374 3198 qui
391 3129 557 3201 inscripstus
580 3139 636 3184 est:
659 3127 959 3197 pistatiidstbeatapiioe
980 3128 1031 3186 itis

59 3237 227 3304 matianum.
246 3233 307 3317 111.
322 3232 412 3304 (Lips.
431 3234 528 3302 mik
546 3231 683 3302 imprimis
700 3249 729 3300 p.
746 3235 781 3290 21
798 3247 859 3301 sqq.
1020 3210 1023 3214 ’

109 3391 174 3452 mi
193 3389 212 3445 1.
229 3390 251 3445 l.
268 3407 296 3462 p.
314 3393 378 3447 217:
404 3391 483 3446 Nunc
498 3407 572 3456 aaa,
597 3406 665 3458 ecce,
690 3387 746 3443 siti
763 3386 940 3456 excogitauit,
956 3386 1032 3442 redi·

61 3501 111 3550 tun
136 3494 193 3549 sibi
216 3511 366 3549 concessum
390 3493 437 3550 iri.
480 3495 538 3548 Iste
563 3496 692 3562 populus,
723 3493 770 3562 qui
794 3493 868 3546 deum
892 3492 1033 3548 lacessivit

62 3599 179 3652 omibus
203 3598 336 3652 actionum
360 3614 468 3651 suarum
492 3597 591 3664 modis,
618 3614 678 3650 ecce
702 3602 840 3664 exspectat
860 3598 1034 3664 postulatque

63 3709 182 3767 aetatem,
200 3703 386 3770 quafutarum
403 3701 442 3754 sit
454 3702 606 3769 proauiam.
649 3698 801 3768 Prophetas
824 3698 928 3752 lectitat
944 3698 1033 3767 etapi-
1072 3730 1076 3737 ·

68 3807 116 3859 ‹tus
133 3822 215 3874 neque
231 3805 363 3870 intelligit
377 3805 460 3858 aeria
476 3821 578 3869 eorum3
597 3802 676 3872 quasi
691 3801 719 3854 is
736 3808 815 3866 esset,
833 3801 879 3870 qui
895 3802 928 3855 de
944 3801 1034 3857 reditu

65 3910 221 3978 perciperet,
236 3909 410 3972 tottitaocem,
424 3909 556 3960 emmaus:
568 3908 674 3972 foreat
681 3904 870 3975 Hierosotpna
881 3903 1032 3957 instauren-

67 4013 126 4068 tart
169 4011 257 4075 Audit
282 4010 392 4075 (famam
415 4008 504 4078 illam)
529 4010 624 4065 iterum
648 4009 805 4077 iterumque,
829 4023 904 4078 pam
927 4012 1034 4075 exoptet
