2626 4906
162 561 242 639 200

162 764 341 866 spiritum
373 771 544 841 sanctum
579 761 644 855 (11.
671 759 839 858 378.‘c)
875 771 917 838 et
942 762 985 840 in
1010 761 1139 844 Serm.

162 905 229 999 IV.
256 903 307 977 de
332 903 449 978 nativ.
476 899 626 976 Christi
652 901 720 993 (ib.
737 901 823 978 415.
846 900 899 996 C)
924 901 1141 1002 Josephum

163 1054 205 1116 et
235 1015 407 1117 Mariam
430 1039 637 1138 loquentes
668 1040 807 1138 fingat,
846 1038 1007 1114 maxime
1044 1064 1141 1115 con·

162 1187 326 1272 suetum,
352 1203 482 1274 neque
510 1176 693 1274 equidem
718 1177 908 1276 refragor,
935 1177 967 1251 si
985 1201 1033 1251 ex
1048 1177 1141 1253 Viri

111 1283 121 1295 „
162 1314 248 1392 Cel.
276 1315 477 1413 Augusti
504 1313 695 1388 sententia
721 1315 797 1407 ²⁵⁹),
838 1314 944 1388 illius
979 1314 1142 1413 generis

162 1453 267 1527 inter
285 1452 577 1526 concionatores
597 1451 818 1549 principem
839 1462 880 1525 et
894 1451 1143 1526 inventorem

161 1592 280 1665 fuisse
305 1589 515 1664 Eusebium
542 1588 760 1662 censueris:
801 1588 871 1662 sed
902 1570 1031 1661 tamen
1062 1589 1143 1662 hoc

162 1728 304 1802 dixisse
329 1752 416 1800 meo
439 1728 531 1822 jure
557 1724 654 1799 mihi
677 1724 836 1817 videor,
881 1726 1049 1823 primum
1075 1749 1142 1800 ex-

163 1865 303 1940 stitisse
322 1874 505 1955 nostrum,
522 1862 591 1960 qui
604 1861 653 1936 ad
667 1861 706 1935 S.
722 1862 761 1936 S.
776 1862 1143 1961 interpretationem

164 2002 393 2076 transferret
411 2001 524 2094 illud,
550 1999 705 2098 sibique
732 2000 1049 2119 accommodaret.

241 2276 303 2355 46.
357 2273 546 2360 Quoniam
573 2274 697 2377 igitur
723 2285 921 2351 externam
937 2273 1142 2352 Commen-

165 2411 350 2490 tariorum
375 2416 533 2493 sormam
555 2415 802 2507 ostendimus,
829 2413 1034 2512 opiniones
1058 2415 1142 2512 ejus

164 2575 267 2626 nunc
295 2553 345 2626 de
373 2551 611 2651 singulorum
630 2551 821 2624 librorum
842 2561 966 2625 aetate
989 2577 1142 2627 eomun-

165 2715 242 2788 que
281 2689 524 2781 auctoribus,
572 2687 615 2761 id
653 2685 756 2761 enim
794 2699 880 2762 erat
914 2689 1141 2784 secundum,

166 2820 414 2926 explicemus.
463 2824 638 2926 Singulis
665 2825 769 2900 enim
794 2823 930 2921 libris,
964 2826 1142 2928 exceptis

164 2959 360 3038 nonnullis
402 2964 590 3058 oraculis,
634 2962 799 3037 brevem
840 2964 1058 3062 argumenti
1097 2991 1142 3039 ac

164 3099 250 3177 finis
276 3098 538 3176 narrationem
564 3100 830 3199 praemittere,
852 3100 983 3199 deque
1010 3112 1142 3176 aucto·

163 3261 250 3314 rum
283 3234 408 3338 patria
440 3237 669 3312 sententiam
705 3262 809 3312 suam
844 3236 1002 3338 aperire
1028 3239 1141 3318 solet.

164 3373 315 3457 ouibus
342 3387 469 3448 tamen
496 3373 536 3448 in
563 3357 789 3468 sententiis,¹
817 3376 1144 3474 quemadmodum

165 3509 277 3586 nimis
322 3509 487 3621 credule
532 3508 688 3589 Judaeis
735 3538 866 3588 aurem
911 3513 1143 3615 praebuerit

165 3648 292 3748 iisque
320 3651 563 3750 peccaverit,
592 3664 653 3746 ut,
680 3653 748 3750 qui
775 3652 891 3745 velit,
928 3651 1013 3752 ipse
1036 3653 1144 3750 judi·

215 3956 280 4020 159)
298 3950 332 4008 In
349 3950 425 4010 libro
442 3954 478 4014 ds
496 3955 652 4015 Eusebio
668 3957 848 4017 Emesena
866 3974 894 4029 p.
914 3963 973 4019 101.
992 3962 1053 4019 111.
1150 3944 1152 3949 ’
