2626 4906
168 596 252 689 108,
267 600 268 605 ‘

244 803 333 892 Etsi<
352 828 449 882 vero
474 801 545 880 ista
564 829 663 905 quae
681 774 898 905 accepimus
917 803 1144 882 didicimus-

167 968 254 1049 que-
271 941 475 1038 breviter,
512 942 647 1019 multis,
673 941 716 1017 in
739 941 837 1018 locis
863 955 1002 1044 aperte
1026 968 1144 1045 prae-

163 1078 269 1190 cipit
292 1089 336 1162 et¹
357 1078 553 1174 inculcat„
584 1088 713 1156 tamen
750 1103 799 1156 er
833 1080 999 1157 adverso
1023 1080 1143 1157 maxi·

165 1243 276 1300 mum,
294 1216 408 1298 inter·
423 1227 637 1318 utrumque
656 1218 944 1298 Testamentum
969 1217 1144 1294 interce-

166 1354 275 1439 dere
301 1341 516 1433 discrimen¹
559 1365 676 1454 atque
713 1354 970 1454 Evangelium
1016 1356 1143 1430 multo

165 1485 422 1601 praestantius
454 1515 544 1567 esse·
564 1490 680 1590 lege„
712 1516 812 1569 vere
839 1517 927 1567 eum
952 1491 1143 1587 statuisse,

114 1647 118 1655 '
165 1628 275 1711 haud,
305 1628 437 1707 minus
457 1636 517 1703 est
542 1639 742 1728 apertum,
779 1637 820 1702 et
846 1627 879 1705 si
904 1652 983 1704 non
1008 1654 1143 1705 omnes

166 1791 341 1859 caussas„
381 1764 526 1864 quibus.
563 1764 668 1841 illud
704 1774 836 1866 patet,
875 1765 1142 1864 adjungemus,

166 1901 347 1982 breviter
371 1902 594 1998 interdum,
634 1928 735 2003 quae
769 1928 855 1977 rem
888 1902 978 1977 satis
1015 1902 1142 1979 firma·

165 2039 283 2131 bunt„
294 2039 497 2116 nonnullas
516 2039 582 2116 hic
601 2064 799 2139 ponemus.
840 2037 1013 2114 Primum
1036 2038 1158 2117 enim

76 2151 79 2156 Α
166 2174 279 2286 quod
311 2173 478 2250 diximus,
509 2172 566 2251 ‘eo
612 2175 804 2270 efficitur,
854 2176 961 2275 quod
1006 2175 1140 2271 docet,

52 2390 54 2395 ,
165 2309 285 2389 deum
312 2309 359 2389 in.
388 2322 531 2387 vetere·
558 2337 755 2414 synagoga
793 2337 835 2389 se
869 2323 1031 2388 naturae
1066 2312 1140 2388 hu-

163 2473 303 2529 manae
323 2449 519 2527 debilitati
544 2450 865 2543 accommodasse,
892 2460 930 2525 at
955 2448 999 2525 in
1028 2424 1157 2527 novo'

164 2587 292 2663 multa
313 2584 449 2663 altiora
475 2597 688 2688 praecepta
712 2585 908 2688 posuisse3
944 2612 1045 2688 quae
1078 2598 1136 2663 ta-

94 2720 96 2723 ’
164 2747 259 2799 men
288 2723 437 2819 omnia,
470 2750 589 2824 quum
626 2724 668 2800 in
693 2725 959 2825 superioribus
985 2726 1135 2820 (armot.

120 2955 121 2958 Ἴ
167 2860 259 2939 147„
301 2861 409 2957 153.)
453 2862 542 2938 satis
591 2861 669 2939 sint
715 2861 910 2963 exposita,
953 2887 1034 2937 non
1070 2862 1138 2938 ha-

162 2998 304 3075 bemus
322 3025 486 3076 necesse·
516 2999 582 3076 hic
618 3001 809 3077 recolere.
863 2998 958 3076 ¹Jam
992 2998 1036 3076 in
1071 3025 1139 3076 ve-

163 3145 257 3213 tere·
277 3137 500 3215 oeconomia
527 3137 709 3238 judiciali
734 3139 895 3238 quadam
921 3135 1139 3215 acerbitate

165 3349 401 3372 *-

164 3483 192 3531 et
218 3475 302 3531 rotati
325 3483 386 3530 arant
411 3476 487 3551 (typi
513 3475 617 3533 veteris
641 3476 672 3533 in
697 3494 773 3534 novo
795 3475 993 3543 Testamenta.)
1012 3506 1048 3525 a
1073 3478 1137 3535 adv.

164 3589 252 3636 scrut.
266 3584 297 3639 6.
311 3580 371 3637 111.
384 3583 445 3639 159.
467 3581 513 3636 Er
547 3581 683 3638 Quantum
705 3597 773 3636 sane
793 3582 930 3638 haesitant
953 3599 1050 3637 omnes
1071 3581 1138 3637 infi-

164 3680 245 3738 deles
265 3683 296 3738 iu
317 3685 404 3740 rebus
423 3683 591 3755 perspicuis.
632 3684 799 3752 Quodquum
820 3687 966 3755 praeclare
987 3686 1137 3741 adumbra-

164 3785 239 3841 verit
255 3785 349 3853 (deus)
366 3804 468 3843 norum
485 3789 541 3843 hoe
555 3795 745 3843 testamentum
758 3789 788 3842 in
803 3806 837 3844 eo
851 3790 927 3857 quod
934 3791 1139 3858 prophetarum

164 3887 233 3944 suit:
259 3890 347 3945 veluti
372 3907 412 3945 ex
432 3906 531 3947 somno
554 3900 673 3962 surgamt
693 3892 823 3949 contemti
847 3875 983 3961 (Uibii),
1014 3893 1133 3951 clamem

164 3999 194 4050 et
211 3993 451 4063 pererrantium
