2626 4906
1056 574 1136 677 eor

163 786 475 880 interpretationem
502 783 654 869 orditur,
685 805 789 870 quum
818 783 904 851 dicit
924 782 1135 872 Babylonio:

168 916 219 983 To
241 935 275 978 eo
308 923 402 994 capot
424 930 561 976 aureum.
608 907 699 985 Quia
731 907 935 989 autumavit,
968 927 1138 994 nunquam

166 1037 258 1117 sore,
303 1038 342 1098 ut
365 1050 520 1114 regnum
551 1022 642 1092 forte
674 1025 884 1113 Babyloniae
917 1032 1136 1108 everteretur,

166 1157 305 1240 suincit
326 1152 536 1240 (propheta):
566 1171 694 1233 repnum
723 1149 853 1231 homile,
880 1147 915 1214 h.
939 1171 967 1214 e.
999 1169 1137 1232 regnum

166 1279 345 1342 Medorum
366 1285 475 1358 turpet
496 1283 527 1337 et
547 1272 682 1355 rubipet,
704 1290 844 1353 regnum
859 1268 1137 1355 Babyloniorum.

167 1401 215 1464 Et
237 1418 362 1482 repnum
384 1396 508 1460 tertium
529 1392 695 1476 imperabit
716 1393 777 1456 tori
798 1391 870 1455 ordi
890 1389 924 1455 h.
944 1411 974 1456 e.
997 1410 1137 1474 regnum

169 1518 273 1602 Cyri,
308 1515 400 1600 regis
420 1514 624 1593 Persarum,
665 1512 846 1595 imperabit
866 1513 930 1575 toti
952 1512 1034 1576 orbi
1091 1509 1140 1577 Et

164 1657 295 1720 repnom
315 1647 467 1719 quartum
479 1634 616 1698 validam
625 1634 760 1715 perinde
779 1653 817 1696 oc
829 1629 970 1719 serrum,
996 1643 1025 1696 et
1045 1632 1141 1697 sicuti

165 1755 287 1840 ferrum
299 1752 437 1840 fronyet
458 1765 488 1819 et
510 1759 692 1846 comminuet
713 1757 833 1829 omoio5
857 1754 888 1817 is
906 1752 973 1816 suit
991 1753 1139 1818 Alexan·

164 1877 227 1939 der
248 1874 325 1956 ille,
357 1877 416 1960 qui
447 1896 562 1939 omnes
592 1876 735 1960 populos
757 1875 907 1958 subegit3
941 1875 1139 1938 comminuit

163 1996 253 2060 enim
275 2001 309 2060 et
332 1996 526 2060 debilitavit
548 2017 664 2061 omncs
685 2001 881 2082 potestates,
906 1997 1088 2082 'principes'
1105 1999 1139 2061 et

163 2136 279 2199 regeS,
301 2116 405 2180 sicuti
427 2117 573 2199 serrum,
599 2119 690 2203 quod
712 2119 825 2185 omnia
846 2137 990 2201 corpora
1012 2116 1136 2181 domat.
1186 2166 1190 2171 .

163 2239 274 2321 Dipiti
300 2239 416 2320 pedum
445 2259 483 2301 ex
508 2250 600 2322 parte
621 2237 746 2325 ferrei,
779 2261 819 2302 ex
843 2251 937 2320 parte
965 2238 1059 2315 lutei3
1099 2235 1137 2300 hi

164 2357 360 2441 significant
382 2359 498 2441 decem
521 2381 629 2443 reges,
653 2361 779 2447 quiex
801 2359 1009 2423 Graecorum
1032 2376 1136 2440 regno

165 2481 378 2560 exstiterunt,
402 2500 546 2564 quorum
567 2482 639 2561 alii,
671 2480 811 2566 perinde
833 2500 874 2544 ac
896 2480 1036 2560 ferrum,
1058 2478 1137 2543 ,fora

165 2605 216 2662 tes
235 2601 530 2685 potentissimique
552 2600 667 2682 fuere,
701 2602 763 2666 alii
784 2600 929 2666 humiles
952 2605 1051 2683 atque
1073 2600 1136 2661 im-

164 2715 316 2801 becilles.
362 2717 441 2780 Jam
468 2739 568 2799 vero,
599 2723 664 2786 etsi
694 2723 870 2786 connubiis
888 2742 967 2786 sese
989 2721 1135 2786 invicem

162 2838 415 2918 conjungerent,
430 2839 614 2902 concordia
629 2844 745 2903 tamen·
765 2845 797 2903 et
819 2844 945 2905 caritas
966 2861 1136 2925 nunquam

162 2956 246 3033 fuit5
277 2931 485 3042 quapropter
504 2960 621 3024 subdit
642 2959 685 3026 de
705 2962 751 3025 iis
772 2959 963 3045 Propheta:
1002 2960 1136 3028 Commi-

160 3086 394 3102 hm

160 3161 308 3215 Medorum
327 3170 354 3216 et
371 3162 520 3218 Persarum
539 3181 630 3220 sermo
649 3173 708 3234 est;
727 3164 970 3220 anachronismum*
991 3165 1063 3220 enim
1086 3165 1134 3222 hic

160 3268 257 3330 latere,
276 3267 339 3333 quis
356 3284 413 3321 non
438 3269 530 3324 videti
581 3270 713 3339 Denique
735 3286 802 3324 vero
829 3269 894 3337 loci,
914 3270 1011 3337 quales
1037 3276 1133 3327 suntl

160 3370 249 3424 Mace.
269 3375 294 3436 l,
313 3376 329 3427 1
348 3371 396 3424 ubi
414 3372 528 3439 DariuS,
547 3375 593 3429 vel
619 3375 698 3428 Esth.
717 3380 742 3439 1,
760 3379 785 3431 3.
821 3371 869 3426 ubi
894 3376 1007 3427 Xerxes
1030 3373 1133 3427 Persa·

160 3490 221 3526 rum
244 3483 272 3528 et
290 3475 437 3529 Medorum
460 3494 512 3530 rex
529 3479 703 3547 appellatur,
721 3477 792 3531 nihil
824 3479 907 3548 plane
936 3479 1056 3532 afferunt
1087 3475 1133 3545 iis,

160 3577 208 3643 qui
227 3595 288 3631 curn
312 3579 337 3631 B
349 3581 540 3634 ertholdto
558 3581 684 3646 iecerint,
703 3597 786 3648 quum
805 3581 891 3634 multo
909 3582 1045 3636 seriorum
1064 3591 1132 3638 tem·

160 3697 259 3748 porum
278 3691 422 3748 respectus
447 3683 488 3736 ibi
503 3685 645 3739 habeatur.
664 3685 792 3738 Ceterum
810 3686 1001 3740 accommodes
1019 3685 1071 3741 tibi
1090 3704 1131 3754 ea,

160 3800 231 3848 ‹prae
256 3785 292 3838 de
316 3785 409 3840 Medis
427 3786 534 3840 monuit
560 3787 745 3842 Gesenius
771 3788 801 3842 in
834 3789 938 3844 Comm.
965 3791 999 3845 ad
1028 3790 1085 3845 ies,
1104 3790 1128 3846 1.

158 3891 184 3940 2.
204 3905 231 3956 p.
250 3891 309 3946 462.
328 3893 388 3946 654.
409 3925 441 3935 -
476 3891 564 3945 Recte
582 3891 663 3945 etiam
682 3893 831 3945 secundum
850 3891 919 3946 illud
937 3893 1053 3961 animal,
1072 3893 1130 3949 ursi

159 3990 250 4046 simile
268 3994 305 4061 (7,
324 3996 363 4061 o,
381 3993 417 4047 de
433 3993 558 4050 Medis
574 3995 649 4064 opud
666 3996 855 4068 Ephroemum
873 3982 1042 4064 explicatur.
