2626 4906
269 558 350 638 246

269 762 306 833 in
327 761 484 848 Aegypto
504 733 746 842 servientibus)
775 758 941 827 adventus
961 758 1089 842 Musis,
1122 761 1162 827 ut
1184 763 1246 846 qui

269 884 363 953 nulla
389 881 638 949 necessitudine
667 885 823 964 coactus,
862 881 1157 947 circumcisionem
1185 903 1244 948 ue·

269 1004 444 1089 glorisso,
466 1022 567 1087 quam
587 1005 700 1068 tamen
721 1000 859 1074 hebraei
880 1003 916 1067 in
937 985 1087 1067 filiorum
1103 1022 1242 1070 suerum

231 1145 234 1149 ·
267 1145 352 1194 nece
383 1145 450 1193 non
481 1096 736 1209 abrogaverant.
795 1123 963 1208 Apparuit
998 1124 1104 1208 igitur
1134 1124 1244 1190 iratus

251 1229 371 1333 ‘super
390 1246 540 1328 Musam,
566 1244 618 1320 (ut
639 1245 669 1310 is
692 1242 870 1325 disceret),
902 1265 1001 1331 quem
1025 1247 1146 1309 timere
1168 1264 1242 1310 eum

268 1370 451 1453 oporteret,
474 1369 588 1432 utrum
609 1363 720 1444 deum,
750 1364 808 1448 qui
831 1365 1125 1432 circumcisionem
1147 1386 1243 1451 pree·

266 1492 422 1572 ceperat,
445 1505 488 1551 an
508 1504 591 1551 vero
613 1495 730 1550 costum
752 1481 853 1576 (regie),
878 1481 950 1566 ²⁷⁹),
973 1485 1243 1553 circumcisionis

268 1606 542 1676 disturbalricem
576 1605 725 1694 (curru-,r
747 1605 931 1696 epicurea).
989 1610 1021 1686 7,
1055 1608 1106 1672 15.
1152 1605 1242 1683 Quia

267 1725 375 1797 fluvio
406 1722 603 1791 sacrificare
635 1725 756 1790 solitus
790 1724 875 1807 fuit,
915 1725 960 1792 ad
991 1725 1117 1793 flumen
1150 1728 1244 1793 venit

267 1847 450 1928 (Pharao),
483 1845 538 1912 rel
568 1850 706 1930 captare
738 1847 927 1912 molliorem
950 1866 1063 1911 aurem
1086 1848 1242 1914 omnibus

260 1968 388 2061 ‘diebus
405 1966 526 2031 solitus
544 1964 620 2032 suit.
649 1964 968 2057 Propterfiduciem
986 1969 1022 2031 in
1033 1968 1141 2053 magis
1148 1969 1242 2052 posi·

268 2093 350 2169 tam,
378 2064 453 2154 heri
475 2091 527 2150 est
547 2087 671 2168 simile,
699 2106 813 2171 regem
835 2054 1114 2172 fluviosrlegypti
1136 2090 1243 2154 sacri·

267 2205 351 2278 ficia
373 2194 546 2275 obtulisse.
603 2204 648 2274 V.
671 2208 725 2285 22,
770 2207 890 2295 Itaque
918 2226 984 2272 non
1006 2207 1145 2305 inhibiti
1166 2217 1245 2276 sunt

160 2363 171 2369 „
265 2331 373 2414 (magi
392 2349 426 2396 ·a
457 2327 565 2411 signis
597 2327 787 2411 imitandis)
819 2349 882 2415 per
908 2328 1060 2409 Mosem3
1101 2350 1182 2395 nam
1213 2334 1245 2397 si

266 2450 432 2519 adversus
446 2447 579 2515 Mosem
598 2451 818 2530 exstitissent,
840 2469 897 2515 eos
915 2447 1117 2517 inhibuisset
1134 2452 1247 2537 prima

267 2571 385 2660 plaga,
398 2570 456 2658 qui
470 2566 637 2634 inhiberet
669 2574 703 2635 et
730 2568 865 2652 fugaret
894 2588 952 2635 eos
974 2570 1119 2654 (postea)
1140 2567 1243 2655 plaga

267 2692 428 2783 ulcerum.
482 2686 594 2768 Quum
621 2688 728 2774 igitur
749 2686 866 2772 (magi)
897 2691 939 2755 ab
963 2695 1036 2774 ejus
1057 2697 1154 2776 parte
1175 2697 1247 2758 sta·

266 2815 343 2881 rent
370 2815 404 2875 et
432 2807 595 2872 adversus
617 2808 776 2892 populum
799 2828 896 2873 suum
918 2807 1151 2894 (pugnarent),
1185 2833 1246 2877 no-

266 2931 332 3001 luit
352 2929 533 3021 prohibere
556 2948 631 3012 eos,
665 2930 748 3016 quin
769 2929 931 3018 populum
952 2931 1100 3020 Aegypti
1123 2953 1245 3022 percu.

267 3142 488 3161 W

265 3268 299 3328 R
318 3272 381 3335 279)
399 3268 557 3339 Singularis
574 3287 641 3326 sane
658 3278 700 3350 est
717 3289 784 3329 usus
801 3274 880 3331 rucis
897 3272 985 3365 &pipp
1001 3280 1080 3329 custo
1096 3272 1253 3362 (plq'ssge

264 3372 339 3455 Dan.
369 3378 400 3439 7,
427 3377 458 3442 5)
489 3374 564 3446 apud
597 3371 697 3447 Syros.
732 3375 967 3442 Quemadmodum
998 3376 1071 3433 enirn
1112 3394 1177 3445 nug
1219 3388 1247 3433 et

272 3489 398 3556 mm,
422 3477 562 3569 &pihffip‘
586 3477 668 3534 etiam
686 3480 723 3546 (1.
753 3483 813 3537 129.
835 3481 893 3548 B),
919 3482 1063 3552 speciatim
1088 3482 1192 3538 dicitur
1213 3483 1247 3537 de

266 3577 370 3636 bomine
396 3581 479 3634 debili
497 3589 523 3639 et
547 3583 668 3657 mide
692 3583 819 3649 obnoxio,
851 3601 943 3654 eoque
967 3585 1114 3651 differtab
1133 3589 1197 3652 tim
1216 3592 1245 3641 et

266 3683 328 3749 eirea
351 3696 402 3759 πῃ,
425 3682 466 3738 sic
489 3703 560 3771 voce
577 3684 662 3753 urbes
687 3683 756 3759 Syri
774 3695 888 3741 utuntur
912 3687 948 3742 de
967 3689 1074 3756 semina
1089 3687 1245 3756 peccatrice

234 3770 248 3783 ’
267 3785 433 3857 ‘i-i‘nfimfl·
469 3787 618 3859 Cleopatra
635 3789 722 3857 igitur
747 3790 906 3862 appellatur
929 3797 1007 3846 costa
1027 3790 1063 3848 11.
1089 3792 1161 3855 2273
1180 3805 1243 3844 sae·

265 3904 306 3974 pe
321 3864 403 3973 enain
421 3890 550 3958 sesami,
568 3893 637 3947 arras
654 3893 705 3957 (11.
725 3895 784 3951 aar.
803 3889 1237 3983 exercitur-amnem&

263 3998 342 4047 costo
360 3995 387 4048 b.
407 4011 430 4048 e.
453 3986 565 4063 t'eruiua,
584 3996 697 4061 infimae
715 4001 764 4053 eut.
1039 3962 1052 3983 τ
