2626 4906
161 571 243 655 202.

162 787 301 867 tamen,
319 781 363 849 at
381 774 536 849 inverso
552 779 767 874 temporam
782 773 920 849 ordino
941 800 961 848 a
985 783 1139 874 postre-

163 936 220 1003 ma
260 913 587 1012 sulassabyloniis
627 913 852 1010 captivitate
890 894 1140 1011 prophetiam

164 1051 365 1123 inchoaret
391 1061 603 1147 posteaque
631 1051 679 1122 ad
706 1061 918 1123 extremum
939 1050 990 1123 de
1014 1050 1140 1148 eapti-

164 1187 285 1263 vitate
320 1187 580 1285 Babylonica,
624 1188 674 1259 de
713 1188 851 1285 populi
891 1185 1041 1279 reditu,
1086 1188 1139 1260 de

164 1324 346 1398 Hieroso}
349 1350 524 1422 ymerum
543 1324 830 1415 instauratione,
854 1335 892 1396 et
911 1324 1038 1420 gentis
1052 1323 1141 1423 Gog

164 1462 329 1535 interitu
348 1461 580 1558 loqueretur
602 1461 671 1552 (ib.
690 1490 727 1558 p.
743 1464 821 1553 20).
875 1462 1032 1534 Deinde
1052 1489 1141 1559 par-

166 1607 245 1671 tem
270 1599 420 1672 Jesaiae
456 1598 617 1695 primam
654 1600 797 1691 (I—V)
835 1599 877 1670 in
915 1598 1044 1691 Usiae,
1083 1624 1142 1673 se-

167 1738 329 1811 cundam
344 1737 395 1825 (c.
412 1736 487 1825 Vl)
503 1734 543 1805 in
562 1735 759 1827 JothamiS,
774 1735 927 1808 tertiam
947 1738 1000 1827 (c.
1013 1737 1141 1810 Vll—-

166 1873 328 1966 XXXV)
357 1874 396 1945 in
429 1873 560 1963 dhasi,
588 1883 744 1944 atvero
772 1873 920 1945 relicua
947 1872 1072 1945 onmia
1100 1874 1142 1948 iu

150 1996 325 2083 ¹lliskiae
352 2018 526 2107 tempora
553 2011 733 2082 incidere
760 2009 980 2085 arbitratur.
1022 2013 1141 2091 Quod

64 2131 71 2149 i
159 2157 264 2219 'vero
292 2149 340 2220 ad
367 2147 560 2220 Jeremiae
597 2148 753 2219 oracula
788 2147 945 2240 attinet,
985 2135 1177 2245 portur?

169 2284 297 2356 batum
344 2309 427 2356 esse
469 2310 605 2358 eormn
648 2284 827 2358 ordinem
867 2292 908 2359 et
948 2269 1166 2381 postrema*

168 2420 303 2518 primis
341 2421 546 2519 praemissa
582 2423 715 2494 statuit
740 2422 811 2513 (ib.
838 2419 923 2495 147.
946 2421 1005 2513 F).
1060 2423 1141 2496 Ho-

168 2582 256 2631 seae
297 2558 460 2656 patriam
501 2559 638 2629 urbem
690 2558 864 2656 appellat
902 2558 1142 2632 B⁰elmoth

167 2708 320 2788 (utiabra)
344 2695 384 2766 in
409 2695 517 2768 tribu
543 2693 729 2766 Isaseliari
757 2694 827 2767 sita
858 2695 936 2788 ²⁶⁰),
972 2696 1141 2794 suspica-

168 2840 234 2904 tur
280 2831 416 2925 etiam,
457 2832 642 2925 IIoseam,
679 2840 767 2930 post
801 2832 929 2905 Elisae¹
965 2843 1143 2927 mortem,

169 2970 450 3067 prophetarum
495 2968 625 3043 ordini
677 2969 912 3069 praefecisse
967 2971 1013 3061 (Ι.
1053 2971 1141 3048 549.

169 3106 228 3200 F).
283 3108 560 3203 Argumentum
588 3108 670 3202 ejus
692 3108 745 3179 ita
764 3107 964 3199 describit,
993 3117 1037 3180 ut
1056 3135 1145 3206 par-

169 3244 237 3315 tim
266 3245 530 3340 captivitatem
547 3243 670 3316 tribus
689 3244 980 3342 Ephraemitiei,
1005 3245 1144 3342 partim

170 3381 329 3452 alteram
365 3381 522 3453 Judaeis
561 3406 581 3451 a
621 3381 844 3480 Babylmiis
883 3381 1146 3458 imminentem

170 3515 417 3609 vaticinetur,
452 3544 526 3614 qua
560 3518 715 3589 tandem
744 3520 879 3611 soluta,
908 3521 1077 3593 reditum
1104 3536 1148 3595 et

171 3651 210 3724 in
236 3652 441 3750 pristiimm
480 3642 764 3729 restitutionem
800 3659 949 3754 populo
986 3658 1148 3755 utrique

178 3853 385 3865 ’.ιι-.-

219 3962 282 4022 260)
301 3961 340 4014 de
358 3960 488 4013 Wenii
508 3961 622 4027 &oreada
638 3964 680 4017 ber
694 3962 747 4027 aaa.
765 3963 821 4019 uit
838 3964 909 4021 diat.
927 3966 949 4030 ξ.
967 3965 1028 4021 226.
1045 3981 1110 4019 anri.
1121 3983 1147 4020 a,
