2626 4906
1056 587 1133 668 123

161 809 348 887 errorem,
378 795 488 893 cujus
514 802 650 870 auctor
675 794 835 872 concilii
857 794 1022 873 Nicaeni
1045 796 1140 873 fere

160 944 336 1032 tempora
362 932 509 1006 exstitit
533 933 680 1008 Audius
712 909 891 1031 quidam,
931 934 1065 1034 lingua
1091 944 1134 1009 et
1192 923 1195 928 ’
1245 976 1274 989 ··

162 1075 310 1169 genere
337 1069 459 1170 Syrus
476 1071 544 1164 181),
571 1069 640 1168 qui
666 1095 779 1145 vanas
805 1096 889 1146 suas
914 1071 1134 1172 opiniones,
1244 1126 1257 1141 .

163 1207 350 1307 deinceps
387 1186 547 1306 quidem
584 1209 738 1282 saeculo
764 1198 915 1307 'quarto
950 1235 1025 1308 per
1059 1192 1134 1284 Aess

164 1355 328 1444 gyptum
361 1344 477 1420 etiam
511 1354 553 1421 et
584 1345 761 1421 Arabiam
800 1347 880 1421 late
922 1346 1134 1444 dissipatas,
1167 1353 1171 1371 ⁸

160 1481 328 1580 primum
377 1480 484 1557 inter
534 1507 620 1558 suos
671 1483 921 1559 disseminare
972 1482 1133 1582 incepit.

161 1619 279 1700 Quod
304 1645 400 1693 vero
427 1643 704 1719 perversorum
729 1621 925 1713 hominum
945 1646 1066 1721 genus
1085 1634 1134 1695 ex'

161 1756 283 1830 altera
308 1768 420 1854 parte
447 1758 611 1834 mirifice
638 1759 860 1850 aberrabat,
895 1784 1014 1856 quum
1039 1756 1134 1832 scri-

160 1907 301 1992 pturae
345 1919 475 1968 sacrae
518 1895 658 1970 literae
705 1894 862 1969 omnino
909 1893 1135 1968 inhaereret

161 2031 365 2128 omniaque
393 2043 508 2129 atque
536 2033 634 2107 adeo
660 2059 726 2126 ea,
770 2043 904 2132 tropos
940 2031 1030 2104 dico
1066 2032 1133 2105 vel

163 2169 374 2268 symbolica
398 2170 712 2269 metaplnoricave
739 2170 844 2244 dicta
870 2180 912 2244 et
936 2169 1134 2267 imagines,

160 2331 259 2404 quae
286 2305 451 2405 proprie
476 2307 586 2380 nullo
612 2317 727 2407 pacto
753 2298 913 2406 possunt
932 2306 1133 2406 explicari,

160 2443 208 2516 ad
232 2414 387 2517 literam
420 2443 650 2542 accipienda
687 2469 769 2519 esse
795 2443 940 2518 insulse
966 2454 1134 2518 autuma-

159 2591 259 2657 rent.
312 2582 461 2658 Verum
493 2582 570 2657 hoc
604 2592 858 2657 monstrosum
889 2605 1010 2680 genus
1041 2605 1135 2688 pro·

159 2718 248 2794 fluit
290 2743 340 2793 ex
375 2720 499 2793 altero
538 2719 590 2793 de
626 2720 694 2795 dei
733 2731 870 2794 natura
904 2723 1133 2812 commento,

161 2881 240 2953 quo
276 2856 455 2953 corporis
490 2856 646 2931 humani
684 2857 854 2930 membra
887 2856 1057 2930 actiones
1091 2854 1134 2932 in

160 2993 279 3067 deum
321 2994 650 3086 transferebatur,
696 3018 787 3067 cum
827 2991 1134 3091 Anthropathiae

166 3213 390 3228 ——ss

161 3305 267 3388 &35³³ss
283 3290 412 3391 ¹propter
436 3317 518 3374 verbi
540 3310 695 3387 lusionem,
721 3327 753 3374 ut
777 3310 896 3374 videtur.
940 3314 1019 3371 Dicit
1045 3312 1133 3369 enim:

161 3439 261 3516 &2³97
281 3428 376 3518 tttsso'iz
391 3439 527 3504 ‘tingri-mg
548 3422 591 3516 κζ
612 3416 704 3503 11χῆηῇ
732 3428 761 3480 b.
786 3441 813 3479 e.
847 3421 953 3481 Ueioui
977 3420 1134 3476 uocabulum

163 3546 228 3601 Udo
246 3545 394 3610 (Noctuae)
410 3563 463 3599 non
479 3547 645 3629 notuerunt.

214 3686 277 3745 181)
295 3683 426 3737 Testibus
443 3683 605 3753 Epiphanio
623 3681 653 3736 in
670 3682 746 3737 haer.
765 3685 823 3748 70„
851 3680 901 3750 qui
922 3689 1012 3736 tamen
1037 3678 1133 3750 ipseo

161 3785 323 3855 Theophilo
339 3786 527 3841 Alexandriae
542 3786 687 3855 episcopo,
702 3785 1012 3856 Anthropomorpbisrni
1027 3781 1133 3838 erroris

160 3892 354 3946 accusabatur.
380 3890 472 3954 (Socr.
499 3889 529 3945 in
550 3891 586 3946 Η.
601 3891 639 3963 Ε.
663 3892 754 3956 6,10)
778 3898 808 3945 ct
828 3882 1009 3944 'theodoreto
1034 3886 1072 3942 H.
1095 3884 1130 3940 E.

161 3997 193 4060 4,
209 3998 252 4052 10.
287 3993 384 4075 Fabul.
402 3994 490 4049 haret.
508 3997 540 4060 t,
552 3999 595 4051 1⁰.
