2626 4906
164 564 240 646 182
272 641 275 652 .

161 769 405 847 festationem
430 765 651 868 praesignat
677 767 725 859 (Ι.
752 765 838 844 341.
870 764 949 860 D.).
1002 764 1063 840 Ex
1082 763 1139 839 al-

162 920 251 986 tero
270 917 396 984 autem
416 917 600 1007 typorum
621 929 780 1004 genere,
801 903 908 1001 quod
927 913 985 976 est
1003 902 1139 1003 bipar-

162 1046 294 1140 titum,
313 1071 445 1139 *unum
472 1053 529 1118 est
556 1043 607 1116 de
633 1042 750 1116 rebus
777 1039 967 1139 physicis,
1002 1053 1066 1135 ut,
1105 1039 1139 1115 si

163 1185 279 1283 lupus
307 1191 348 1257 et
373 1183 458 1276 leo,
499 1206 519 1255 a
546 1180 699 1255 Davide
726 1177 926 1252 interfecti
965 1177 1006 1270 (l
1035 1177 1136 1252 Sam.

164 1322 226 1416 17,
252 1321 341 1415 50),
382 1318 577 1394 diabolum
611 1326 652 1391 et
685 1328 849 1390 mortem
874 1315 1138 1415 praesignant,

164 1482 260 1557 quos
286 1456 511 1556 profligavit
537 1454 713 1530 Christus
740 1455 785 1546 (i.
809 1454 896 1530 369.
920 1453 1004 1547 B.);
1032 1451 1064 1525 si
1084 1452 1140 1525 la-

84 1650 94 1707 s
163 1593 278 1694 pide,
323 1618 344 1666 a
386 1592 567 1666 Samuele
605 1574 725 1665 inter*
754 1586 914 1688 Mizpah
953 1601 994 1662 et
1032 1589 1140 1663 inter

81 1714 84 1725 ’Ἴ
164 1729 297 1806 Schen
332 1728 479 1827 positus
517 1729 560 1821 (l
588 1726 686 1803 Sam.
722 1727 768 1821 7,
805 1727 906 1819 12),
946 1725 1138 1820 Christus,

164 1873 354 1963 tamquam
379 1865 477 1964 lapis
502 1865 696 1964 pretiosus
723 1876 765 1938 et
790 1862 994 1962 angularis,
1030 1862 1140 1937 inter

166 2000 245 2076 duo
264 2012 501 2096 testamenta,
520 2002 735 2101 Prophetas
752 2000 904 2076 scilicet
920 2012 961 2074 et
974 2001 1140 2099 Aposto-

165 2129 244 2230 Ιοε,
282 2137 448 2233 locatus,
483 2148 808 2238 repraesentatur.
874 2138 1051 2212 Alterum
1087 2139 1139 2210 de

115 2360 118 2365 ,
166 2276 284 2349 rebus
311 2286 395 2350 arte
421 2284 462 2350 et
487 2276 755 2351 manufactis:
792 2283 847 2368 ut,
885 2274 917 2348 si
944 2274 1139 2348 funiculus

165 2412 384 2505 coccineus,
411 2438 525 2510 quem
548 2413 680 2487 Rahab
699 2413 741 2485 in
762 2413 930 2484 fenestra
950 2411 1139 2510 appendit

166 2548 260 2640 (Jos.
288 2549 331 2642 2,
357 2549 449 2643 21),
485 2547 683 2623 Christum
718 2549 942 2621 crucifixum
974 2550 1138 2646 ejusque

53 2695 56 2707 ¹
166 2683 389 2781 sanguinem
416 2685 633 2780 adumbrat3
660 2685 691 2759 si
717 2684 896 2782 lagenula
919 2710 1029 2776 nova,
1058 2687 1139 2759 sale

165 2816 336 2918 impleta,
363 2847 475 2919 quam
493 2821 732 2896 Jerichuntis
752 2822 986 2896 habitatores
1007 2821 1139 2897 Elisae

165 2957 380 3031 attulerunt
406 2960 448 3051 (2
474 2960 570 3074 Βῃες.
597 2963 635 3054 2,
662 2962 751 3054 20),
790 2958 936 3034 Mariae
972 2959 1140 3058 virginis

166 3104 226 3168 est
256 3096 410 3189 umbra,
454 3123 528 3195 qua
561 3102 660 3172 noha
694 3106 736 3172 et
766 3095 951 3194 singulari
984 3097 1139 3172 ratione

166 3243 379 3331 conceptus
414 3243 472 3307 est
498 3232 694 3327 Christus,
735 3243 943 3331 corruptae
976 3245 1139 3308 naturae

165 3376 320 3442 nostrae
347 3368 718 3444 condimentum-
743 3367 927 3443 Ceterum
947 3371 1078 3462 inulta,
1107 3369 1139 3444 si

166 3506 215 3578 ad
239 3505 393 3579 literam
420 3531 464 3580 ea
481 3505 730 3606 spectaveris,
756 3506 927 3605 quamvis
946 3507 1022 3580 sint
1042 3506 1139 3581 vilia

165 3640 397 3740 foedamque
424 3671 518 3743 prae
546 3672 586 3719 se
613 3646 740 3718 serant
765 3643 954 3743 speciem,
993 3654 1136 3738 tamen,

165 3778 359 3878 spirituali
377 3781 527 3855 ratione
546 3780 759 3874 intellecta,
782 3756 1025 3880 praeclarum
1047 3805 1135 3886 sen·

164 3936 246 3994 sum
261 3915 429 3991 sundere
447 3927 562 4016 atque
582 3944 712 3994 rerum
733 3919 1025 3995 christianarum
1044 3916 1135 3993 ima·
