2626 4906
1076 605 1129 683 67

160 816 307 891 tatione
353 814 400 888 ad
445 811 562 886 totius
596 811 710 908 hujus
744 811 911 888 instituti
945 813 1130 889 sermonis

159 957 275 1027 finem
301 950 463 1050 propius
489 950 725 1025 adducimur.
779 951 906 1049 Atque
933 951 1010 1026 hoc
1035 950 1131 1026 mihi

161 1091 305 1166 videor
341 1087 500 1180 videre,
540 1086 838 1162 discernendum
874 1113 977 1182 esse,
1015 1087 1047 1162 si
1079 1089 1131 1161 de

167 1228 437 1302 Aramaeorum
471 1223 757 1322 interpretandi
795 1223 945 1299 ratione
982 1223 1134 1322 quaeri·

164 1376 245 1457 tur,
284 1361 389 1435 inter
415 1385 480 1433 eos
507 1360 575 1457 qui
601 1360 642 1434 in
667 1359 801 1458 Syria,
846 1387 944 1461 quae
970 1360 1134 1461 proprie

166 1501 219 1574 sic
255 1498 420 1589 dicitur,
458 1522 600 1594 eosque
626 1497 731 1570 inter
757 1497 825 1596 qui
850 1497 892 1571 in
916 1496 1134 1597 Mesopota-

166 1636 237 1709 mia
264 1634 524 1709 versabantur.
592 1633 687 1708 Nam
712 1644 890 1734 tempore
916 1635 1054 1730 fiebat,
1088 1643 1133 1709 ut

167 1773 270 1847 inter
296 1795 337 1844 se
364 1769 613 1844 discederent
635 1771 810 1845 Aramaei
830 1797 943 1869 quam
960 1770 1132 1866 maxime,
1151 1822 1156 1835 ·

168 1909 336 2006 ideoque
362 1906 472 1980 aliam
496 1906 563 1980 hic
589 1906 700 1981 aliam
733 1907 818 1982 illic
843 1909 911 1984 vel
945 1908 987 1982 in
1017 1908 1135 1983 rebus

170 2045 381 2145 exegeticis
407 2045 473 2119 vel
499 2043 541 2116 in
567 2043 791 2143 dogmaticis
815 2052 1052 2144 compertam
1069 2045 1135 2119 ha-

169 2183 301 2256 bemus
327 2180 524 2258 rationem.
590 2180 673 2255 Sed
704 2181 754 2254 de
786 2193 954 2280 utroque
988 2206 1136 2280 genere

173 2320 226 2413 id,
253 2318 513 2416 quodcunque
540 2317 635 2391 mihi
661 2344 772 2415 quam
798 2318 1030 2395 simillimum
1049 2316 1137 2394 veri

170 2456 347 2549 videtur,
386 2480 504 2552 quum
547 2453 805 2554 interpretum
844 2454 1002 2529 illorum
1038 2455 1137 2529 ratio

171 2603 336 2692 propter
374 2591 679 2664 testimoniorum
717 2591 918 2691 penuriam
945 2617 1070 2690 paene
1096 2590 1139 2666 in

172 2731 326 2804 occulto
353 2728 488 2821 lateat,
522 2728 776 2826 complectar,
801 2727 1027 2803 brevissime
1054 2728 1137 2827 qui-

174 2869 282 2962 dem,
309 2875 351 2939 ut
376 2875 537 2964 potero,
565 2865 615 2938 de
642 2863 778 2963 Syria,
805 2864 987 2959 uberius„
1022 2890 1139 2962 quan-

172 3016 253 3080 tum
278 3002 387 3096 licet,
414 3002 464 3076 de
490 2999 764 3101 Mesopotamia
790 2970 1061 3101 disputaturus.

254 3313 313 3390 19.
367 3311 554 3411 Sequitur
601 3337 718 3413 ergo,
765 3321 808 3386 ut
815 3367 827 3406 ‚
881 3335 978 3410 quae
1019 3309 1139 3385 suerit
1219 3266 1227 3303 r

173 3449 364 3551 Syrorum
405 3450 448 3523 in
486 3449 597 3524 libris
636 3448 752 3523 sacris
786 3447 1045 3546 exponendis,
1091 3446 1141 3520 ad

173 3589 432 3686 Ephraemum
456 3613 596 3687 usque,
631 3586 748 3679 ratio,
775 3584 987 3661 videndum
1011 3584 1060 3659 sit
1083 3581 1139 3679 ⁷⁸).

189 3753 422 3781 -τ--·

228 3831 273 3892 78)
296 3829 433 3882 Conferre
457 3823 565 3894 juvabit
590 3840 662 3892 quae
686 3823 886 3879 Richardos
911 3823 1043 3891 Simon,
1068 3823 1140 3877 Ro-

174 3932 415 3988 scnmiillerns
442 3940 470 3982 et
493 3927 681 3997 miggius,
716 3927 764 3996 qui
791 3937 894 3993 tamen,
920 3919 962 3982 ¹ad
988 3936 1140 3982 extremum

177 4035 284 4103 dictur,
318 4032 374 4089 nisi
399 4030 589 4102 compilatoris
614 4038 707 4102 partes
729 4031 800 4086 nihil
823 4031 898 4100 egit,
924 4031 959 4085 de
984 4031 1036 4084 hac
1058 4045 1089 4084 ro
1110 4027 1140 4086 in

952 4137 974 4191 ,5
990 4134 1005 4169 ⁴
