2626 4906
1045 561 1072 639 ⁷

93 762 268 865 linguam
294 789 435 842 revera
460 762 572 842 illum
596 746 756 844 scivisse
780 765 894 844 nobis
916 767 1070 868 probet.

95 905 151 995 lllt
175 903 210 980 si
235 903 322 1004 quis
348 911 427 1000 est,
463 903 533 1003 qui
556 902 778 1006 interprete
803 904 991 1005 quodam,
1022 930 1073 985 ex

92 1036 250 1142 graecis
284 1041 357 1118 ista
382 1051 640 1142 suggerente,
677 1041 939 1145 Ephraemum
962 1067 1074 1122 usum

93 1178 216 1256 fuisse
249 1178 407 1275 credat,
442 1178 628 1279 equidem
660 1187 790 1261 umen
821 1189 989 1282 propter
1013 1181 1072 1259 lo-

93 1294 236 1393 cofflm
277 1341 376 1417 quos
415 1326 550 1393 noster
593 1318 763 1419 protulit
799 1317 1073 1420 frequentiam,

92 1457 199 1534 hanc
224 1454 455 1532 sententiam
478 1479 637 1552 vereor,
674 1465 720 1535 ut
745 1454 787 1535 ei
810 1455 955 1558 possim
979 1480 1073 1534 con·

92 1594 256 1673 cedere.
334 1595 446 1678 Quae
480 1620 600 1695 quum
637 1593 695 1673 ita
733 1619 778 1672 se
811 1594 998 1689 habeant,
1040 1595 1075 1672 si

80 1715 307 1833 quaeritis,
348 1731 401 1809 de
434 1757 481 1809 re
505 1731 578 1809 ista
614 1741 692 1811 tam
716 1731 873 1810 difficili
898 1741 942 1811 et
966 1729 1076 1834 quasi

92 1870 323 1970 desperata,
355 1867 456 1970 quid
480 1869 660 1965 sentiam,
685 1868 937 1971 respondeo,
968 1867 1077 1971 quod

93 2004 355 2087 Michaelis
379 2007 437 2103 ¹⁴),
462 2008 677 2110 plaudente
702 2007 997 2085 Bertholdto
1018 2004 1076 2103 ι5),

94 2144 252 2242 sumsit,
285 2144 653 2247 interpretationem
676 2144 860 2224 nimirum
885 2144 1076 2246 quandam

97 2283 289 2386 syriacam
339 2281 499 2384 illorum
544 2284 760 2379 librorum,
796 2271 909 2382 'quos
951 2280 1076 2383 pluri·

101 2419 156 2499 mi
210 2419 373 2523 quidem
414 2420 590 2498 homines
624 2420 757 2498 critici
777 2420 839 2499 ‘in
892 2417 1077 2520 suspicio·
1116 2415 1118 2419 ’

97 2583 191 2639 nem
208 2567 433 2655 vocarunt,
486 2583 618 2659 neque
645 2567 774 2635 tamen
805 2557 848 2635 in
880 2556 1076 2658 interpre—

97 2695 258 2775 tationis
281 2695 479 2798 simplicis,
506 2721 607 2796 quae
627 2695 830 2775 Ecclesiae
842 2695 1078 2770 auctoritate

97 2834 242 2911 affecta
260 2844 374 2930 esset,
392 2860 533 2936 corpus
551 2844 763 2936 receptam,
777 2835 857 2933 jam
869 2831 1079 2934 Ephraemi

97 2981 282 3073 tempore
317 2972 527 3049 exstitisset
566 2972 689 3065 illud,
727 2970 906 3070 inquam,
947 2969 981 3044 si
1014 2993 1079 3044 res
1151 3023 1155 3031 -
1196 2980 1205 3007 ⁸

99 3094 221 3186 aliter
252 3106 443 3210 explicari
475 3115 627 3210 posset,
669 3131 748 3183 non
788 3096 953 3201 ferrem3
1001 3106 1080 3204 jam

101 3273 202 3326 vero
229 3246 269 3325 ei
293 3244 432 3349 largiri
455 3273 518 3325 me
544 3256 721 3335 coactmn
744 3242 874 3321 video.

113 3521 337 3536 m

159 3702 205 3764 ru
240 3699 267 3755 a.
286 3697 323 3754 n.
342 3681 531 3751 nitescens
550 3695 700 3764 sinteinan
722 3695 748 3750 n
770 3695 808 3751 sn
830 3692 960 3762 gatrauai
983 3687 1082 3754 eane

107 3802 459 3871 mmnrpms
747 3816 750 3823 ·

162 3982 206 4042 15)
224 3976 422 4033 Bertholdt
440 3968 640 4042 tintinnum
656 3971 699 4034 11.
719 3989 746 4040 p.
766 3973 825 4028 665.
923 4016 927 4023 .
972 4056 976 4064 ἱ
