2626 4906
162 611 213 690 68
254 581 258 591 .

161 819 284 900 Quam
327 817 455 887 autem
493 805 686 908 Syrorum
725 801 888 878 diximus
927 800 1135 896 rationem,

162 955 357 1029 immutato
419 945 575 1021 nomine
629 941 969 1019 Antiochenam
1028 941 1135 1015 haud

165 1091 300 1188 inepte
343 1081 625 1184 appellaveris,
666 1079 845 1177 quoniam
891 1077 1134 1172 Antiochiae,

165 1228 270 1301 inter
295 1247 426 1297 omnes
445 1245 543 1318 quae
561 1216 700 1318 Syriae
720 1208 950 1308 floruerunt,
977 1216 1134 1288 scholae

166 1362 398 1437 exstiterunt
429 1356 638 1457 principes.
705 1353 776 1428 Sin
808 1354 858 1426 de
894 1352 1137 1429 Antiocheno

168 1499 298 1574 schola
323 1493 565 1593 theologica,
604 1517 720 1589 quae,
757 1516 778 1564 a
813 1489 938 1564 doctis
977 1491 1138 1588 quidem

171 1632 415 1741 presbyteris
439 1633 516 1730 jam
540 1629 608 1703 diu
634 1640 874 1726 praeparata,
901 1639 1036 1726 quarto
1056 1653 1139 1702 sae-

171 1773 259 1847 culo
287 1780 420 1847 exorta
446 1778 526 1861 est,
559 1791 683 1842 sermo
709 1767 771 1859 fit,
799 1791 846 1838 eo
873 1791 986 1839 sensu
1011 1764 1053 1836 id
1079 1764 1139 1839 in-

170 1908 300 2008 telligi
323 1895 402 1980 non
427 1905 559 1998 debet,
591 1929 668 2002 quo
696 1904 747 1978 de
773 1901 1031 1978 Alexandrina
1056 1901 1140 1977 dici

171 2045 324 2137 solitum
351 2052 428 2136 est,
456 2065 503 2114 eo
530 2042 632 2115 enim
650 2052 814 2139 utraque
835 2038 1045 2140 appellatio
1065 2039 1141 2112 dif-

170 2183 260 2274 fert,
286 2178 392 2276 quod
416 2177 514 2252 haec
539 2202 657 2250 unum
675 2188 716 2251 et
733 2178 992 2252 ecclesiastica
1010 2187 1141 2252 aucto-

171 2317 286 2391 ritate
321 2313 500 2389 affectum
542 2313 758 2390 institutum
796 2316 989 2414 quoddam
1022 2313 1143 2413 signi-

171 2456 279 2549 ficat,
317 2450 387 2527 illa
428 2475 525 2526 vero
574 2451 813 2551 singulorum
854 2454 1047 2527 dumtaxat
1082 2461 1144 2527 est

172 2590 445 2682 institutorum,
480 2613 579 2686 quae
605 2613 626 2661 a
651 2589 812 2688 privatis
836 2589 1054 2665 hominibus
1078 2614 1144 2664 re-

174 2727 376 2825 gebantur,
409 2748 484 2797 nec
509 2724 710 2800 Ecclesiae
735 2728 919 2801 tutamine
946 2737 989 2802 et
1013 2737 1145 2803 aucto-

174 2848 306 2938 ritate*
327 2862 519 2960 gaudebat
556 2862 723 2963 proinde
763 2874 878 2962 atque
914 2891 959 2939 ea
996 2866 1142 2964 sphola,

177 3025 274 3098 quae
301 2999 556 3075 Alexandriae
582 3001 757 3079 florebat.
810 3001 905 3102 Syri
929 3003 1052 3101 igitur
1064 3006 1146 3102 jam

176 3139 262 3212 fere
288 3136 382 3211 inde
408 3161 429 3209 a
454 3138 605 3212 Paulo
631 3139 955 3234 samosateno,
981 3140 1147 3215 Doro-

178 3373 291 3442 scriptis
321 3375 389 3428 satie
418 3371 493 3428 notis
525 3381 687 3442 posuerunt.
739 3375 890 3430 Praeterea
920 3377 1084 3435 adhibeatur
1113 3381 1147 3439 F.

179 3475 351 3543 Μϋιιῐεῐί,
368 3476 453 3541 beati,
470 3475 623 3534 Comment.
641 3477 678 3530 de
695 3477 789 3531 schola
800 3479 981 3537 Antiochena.
1016 3483 1146 3552 Hasniae,

179 3581 265 3645 18113
289 3594 379 3646 quarn,
398 3579 426 3633 in
444 3579 566 3648 linguam
583 3581 767 3648 germanicam
786 3582 930 3652 redditam,
957 3586 1083 3643 invenies
1102 3591 1147 3644 in-

180 3691 281 3735 sertam
306 3681 396 3739 libror
429 3682 515 3748 troilo
539 3683 582 3749 fita
605 3687 655 3740 otte
677 3688 726 3741 unt
749 3701 808 3744 neue
833 3683 1074 3760 stitdpengefrlpidrte,
1100 3695 1146 3752 ed.

180 3781 308 3838 suumin
325 3794 353 3839 et
370 3785 546 3842 Taschirner.
565 3789 598 3844 T.
618 3788 641 3844 1.
668 3789 734 3843 fasc.
760 3796 784 3847 1.
810 3808 838 3861 p.
859 3798 873 3849 l
895 3809 972 3863 sqq.;
1001 3805 1149 3865 praeterea

180 3886 327 3942 Ernesti
349 3888 480 3945 Narratio
506 3890 604 3946 critica
626 3892 662 3946 de
685 3891 912 3963 interpretatione
937 3900 1147 3970 prophetiarum

182 3988 268 4046 Meas.
284 3999 337 4052 etc.
356 3990 385 4046 in
402 3994 438 4062 ej.
457 3995 532 4065 Opp.
554 3995 638 4053 theol.
656 3997 710 4052 Ed.
728 3999 754 4055 2.
773 4015 801 4067 p.
818 4004 941 4071 tttaqq.
