2626 4906
847 644 856 660 θ
959 529 1035 614 153

70 745 247 830 naturae,
306 736 425 810 sancii
486 736 609 836 igitur
667 738 751 814 sive
802 737 1035 837 religionem

69 873 321 953 Christianam
342 875 582 971 profitentes,
610 875 650 948 in
672 876 837 950 ecclesia
856 877 1036 951 terrestri
1143 950 1148 967 „

69 1024 275 1104 versantes
311 1012 380 1108 qui
406 1012 455 1083 ad
481 1011 611 1085 divina
638 1010 794 1086 Christo
820 1014 1036 1103 mediatore

69 1148 281 1220 ascendunt
301 1149 366 1241 235).
407 1147 532 1244 Hujus
549 1159 675 1222 autem
693 1150 894 1248 utriusque
909 1151 1038 1225 Theo·

69 1284 150 1356 riae
170 1283 318 1357 ordinis
338 1284 486 1360 diversi
501 1284 615 1359 etiam
632 1298 719 1359 sunt
738 1288 891 1384 gradus,
917 1287 1038 1362 idem-

68 1421 267 1518 tidemque
303 1421 497 1495 Theoriae
534 1421 729 1521 appellati.
802 1423 923 1497 Primi
965 1424 1037 1522 igi-3

69 1566 145 1651 tur,
172 1558 255 1630 sive
281 1557 589 1657 intelligibilium
620 1558 874 1658 corporisque
902 1585 1039 1659 exper7
1124 1658 1127 1669 Ι

70 1695 166 1768 tium
192 1694 484 1769 substantiarum
510 1696 670 1790 ordinis,
695 1696 764 1794 qui
786 1697 902 1771 deum
921 1709 962 1770 et
981 1695 1040 1769 di-

71 1832 160 1915 vina
186 1831 268 1905 sine
294 1833 423 1905 medio
450 1834 749 1931 contempletur,
776 1860 892 1930 quum
916 1834 1040 1932 ipsum

72 1967 253 2048 Sanctum
273 1968 502 2042 Sanctorum
521 1970 570 2043 sit
588 1969 780 2067 ingressas
801 1980 842 2042 et
864 1996 1040 2068 supremo
1118 2068 1122 2075 Ι

72 2105 258 2198 Theoria,
295 2130 394 2202 quae
421 2114 480 2180 est
504 2104 604 2199 Dei,
643 2107 806 2204 gaudet,
844 2107 920 2179 tria
953 2117 1041 2180 sunt

78 2287 308 2310 ..m

118 2384 181 2443 235)
193 2381 229 2439 ad
241 2386 256 2436 l
266 2381 356 2448 Regg,
366 2384 392 2445 l,
407 2383 441 2436 22
450 2396 510 2451 sqq.
524 2381 613 2445 (hebr.
625 2381 688 2446 bd)
703 2380 727 2435 1.
748 2383 808 2438 0153.
824 2379 861 2435 ll:
880 2379 1041 2463 Mysterinm

71 2467 191 2558 (ΝΞΝᾎ).
225 2483 352 2541 Quoniam
360 2484 498 2536 adulatum
512 2485 612 2551 palatii
620 2486 770 2550 Salomonis
787 2484 951 2552 comportari
965 2483 1041 2535 uides

70 2587 182 2641 similam
197 2594 223 2639 et
233 2587 368 2652 farinam,
394 2588 473 2640 baaes
492 2594 517 2639 et
532 2588 651 2655 pecuda,
670 2572 764 2640 ceruos
782 2595 807 2639 et
825 2604 924 2655 capras
943 2593 968 2639 et
984 2601 1039 2651 ga-

70 2693 155 2744 rellus
182 2691 264 2756 rasas
286 2697 311 2741 et
338 2706 401 2743 aves
424 2691 554 2758 pingues:
581 2692 691 2758 primum
715 2691 816 2759 quidem
841 2707 911 2742 eume
936 2689 987 2742 tibi
1012 2688 1042 2740 in

70 2795 159 2846 simila
177 2800 262 2862 typam
285 2792 409 2864 uigiliam
435 2793 634 2861 (angelorum);
662 2794 707 2862 qui
731 2794 790 2845 sine
805 2794 931 2846 uelamine
948 2791 1042 2844 divina

70 2897 277 2969 contemplantur
294 2902 319 2948 et
336 2896 416 2960 digni
432 2896 568 2948 aestimati
585 2903 654 2959 sunt,
673 2897 718 2963 qui
731 2896 899 2962 perciperent
916 2894 1042 2960 mysteria

69 3000 158 3052 aDea
172 2999 229 3051 sine
244 2999 436 3051 intercessione
452 2999 579 3062 aliorum;
600 3005 676 3066 atque
693 2997 723 3051 tn'
740 2998 840 3064 quidem
858 2998 962 3049 eirnilae
980 3002 1041 3048 sunt

70 3103 264 3173 comparabiles
283 3119 327 3167 eo,
354 3103 424 3168 quod
446 3101 551 3169 liquida
568 3107 594 3152 et
611 3103 687 3153 clara
705 3103 762 3153 luce
779 3101 964 3165 illustrantur,
991 3105 1043 3150 lum
1099 3096 1101 3100 ’

70 3207 140 3278 pund
157 3207 186 3257 in
203 3211 300 3257 natura
318 3222 367 3258 sua
382 3205 446 3272 puri
464 3211 540 3268 sunt,
568 3204 650 3255 oannis
675 3187 793 3256 maculae
816 3210 842 3257 et
864 3200 1043 3255 concretionis

70 3315 206 3377 expertes,
232 3312 322 3375 quales
347 3325 406 3366 esse
423 3307 551 3370 credimus
569 3305 709 3374 Seraphim
727 3313 752 3358 et
770 3305 917 3358 Cherubim.
936 3337 969 3347 -
989 3303 1041 3360 Qui

69 3418 155 3464 autem
165 3412 301 3477 farinam,
319 3428 373 3463 enm
383 3412 503 3477 furfure
521 3409 689 3475 commixtam,
708 3411 850 3473 comedunt,
869 3409 893 3463 ii
910 3417 978 3475 sunt,
999 3404 1045 3476 qni

69 3517 182 3576 nandum
208 3532 238 3569 ea
261 3521 451 3583 pervenerunt,
477 3521 505 3566 nt
530 3516 630 3565 claram
653 3515 733 3565 lucem
758 3511 924 3579 acciperenl3
953 3512 1045 3564 etenim

69 3620 183 3681 nondum
204 3635 298 3686 puram
317 3619 515 3685 perfectamque
541 3615 643 3673 omnino
670 3622 774 3668 mentem
798 3615 874 3669 nacti
895 3620 969 3679 sunt;
996 3616 1045 3668 sed

69 3721 158 3783 adhuc
176 3721 311 3781 obumbrat
329 3737 374 3772 eas
392 3723 505 3774 uelamen
528 3726 654 3786 tamqnam
671 3717 804 3784 sarsurio
828 3717 946 3782 instar3'
960 3715 1042 3769 sicuti

60 3824 176 3892 serina,
193 3825 304 3885 nondum
327 3840 345 3881 a
355 3823 474 3898 furfure
489 3840 538 3876 sna
555 3828 685 3890 plagata.¹
726 3820 767 3876 tte·
790 3827 852 3876 sunt
877 3819 923 3889 qni
946 3818 976 3872 in
999 3834 1043 3872 se-

67 3928 158 3983 cunda
178 3925 297 4009 ¹Tlleoriu
312 3933 463 3988 versantur,
556 3955 558 3961 =
