2626 4906
1062 607 1141 685 205

148 820 253 887 sunt
279 809 515 909 hujusmodi:
552 818 614 903 ut,
652 835 776 908 quum
802 812 852 888 ud
886 813 1016 895 locum
1043 813 1139 891 Gen.

162 951 201 1042 9,
214 951 266 1024 22
285 950 569 1048 interpretatur
591 950 696 1023 hunc
710 949 753 1024 in
764 951 919 1026 modum
934 951 979 1043 (I.
994 952 1057 1028 56.
1070 951 1138 1044 B):

163 1087 446 1182 Temulentiae‚
469 1113 544 1187 qua
563 1085 741 1167 Noachus
758 1089 1007 1186 obrueretur,
1034 1117 1140 1166 caus-

163 1251 238 1305 sam
266 1225 382 1300 fuisse
409 1227 631 1301 diuturnam
656 1226 739 1300 vini
771 1192 1059 1325 abstinentiam3
1097 1231 1141 1321 id

166 1364 272 1462 quod
300 1375 437 1462 aperte
464 1364 580 1438 etiam
605 1388 654 1438 ex
679 1365 750 1438 illo
775 1363 866 1439 loco
892 1367 1025 1464 argui,
1061 1393 1140 1466 quo

164 1500 331 1575 Chamus
367 1502 418 1575 de
451 1502 519 1576 illa
555 1527 600 1576 re
626 1502 811 1577 fratribus
836 1504 1015 1578 nuntium
1040 1516 1139 1579 attu-

164 1639 310 1713 lissein
326 1639 419 1737 soro
440 1653 573 1746 (uptun)
607 1638 782 1735 dicutur3
815 1664 865 1714 ex
890 1666 969 1739 quo
996 1641 1139 1716 efficiu-

165 1790 232 1851 tur
253 1802 412 1851 necesse
435 1803 530 1871 esse,
553 1779 632 1875 jam
651 1777 772 1852 urbem
790 1778 907 1853 fuisse
931 1779 1138 1872 conditam,

162 1913 430 2015 plurimosque
465 1939 583 1989 annos
615 1914 759 1989 iudea
791 1913 933 1990 diluvii
958 1926 1138 2014 tempore

163 2064 327 2127 exactos.
380 2053 579 2127 Noachum
601 2052 736 2151 igitur,
761 2051 864 2127 intra
883 2053 960 2127 hoc
978 2046 1138 2153 longum

161 2214 347 2262 annorum
404 2190 568 2288 spatium
621 2189 715 2264 vino
760 2190 1042 2287 desuefactum,
1094 2201 1139 2264 ut

161 2326 329 2426 primum
368 2329 452 2423 ejus
490 2351 599 2400 usmn
630 2322 890 2419 resumseritj
918 2328 961 2402 in
998 2327 1139 2402 mentis

160 2464 443 2539 hebetudinem
459 2463 662 2538 confestim
678 2464 878 2563 delapsum
890 2490 985 2540 esse.
1010 2464 1138 2539 Porro

161 2603 211 2676 ad
231 2603 326 2677 Gen.
348 2603 410 2695 20,
437 2628 515 2700 quo
535 2603 586 2677 de
605 2601 711 2695 Sara,
738 2601 984 2676 formositatis
1008 2627 1138 2675 caussa
1239 2628 1259 2705 Ι,ε

160 2765 183 2814 a
215 2764 313 2838 rege
347 2741 512 2836 quodam
546 2739 731 2832 abducta,
769 2741 925 2839 mythus
957 2739 1158 2849 offertur,¹
1285 2802 1288 2825 ,,

159 2877 259 2951 haec
286 2876 462 2950 declarat
487 2876 557 2967 (ib.
584 2902 622 2974 p.
650 2875 713 2951 75.
741 2875 813 2968 C):
853 2876 929 2949 nisi
954 2877 1137 2968 dicamus,

160 3012 281 3088 Sarae
303 3014 483 3110 juvenile
508 3013 631 3087 robur
653 3022 694 3087 et
719 3001 883 3086 formum>
903 3025 992 3111 post
1017 3014 1138 3088 Isaaci

160 3149 460 3250 conceptionem
485 3150 661 3242 rediisse,
687 3148 924 3224 incredibile
950 3175 1047 3243 esse,
1073 3175 1137 3224 re-

160 3313 250 3387 gem
275 3288 570 3362 Abimelechum
595 3286 636 3362 in
654 3289 825 3361 vetulum
841 3289 1136 3388 nonagenariam

161 3425 348 3524 cupidine
390 3426 581 3524 flagrasse.
644 3425 744 3501 Tum
777 3404 828 3499 ed
860 3427 955 3506 Gen.
989 3427 1062 3518 22,
1098 3425 1134 3501 6.

160 3563 233 3654 (ib.
248 3590 285 3663 p.
300 3563 361 3639 77.
382 3565 444 3657 Ε.)
470 3564 570 3639 male
596 3563 770 3665 conjicit,
797 3563 959 3641 arietem
976 3563 1136 3661 quidem

161 3699 202 3779 iu
227 3713 381 3795 monte,
421 3727 498 3798 quo
531 3702 627 3776 deus
661 3701 895 3799 singularem
931 3700 1135 3804 Abrahami

161 3838 347 3942 pietatem
373 3849 563 3932 tentaret,
597 3863 675 3913 non
704 3839 844 3931 fuisse,
879 3839 950 3913 sed
975 3863 1049 3914 nec
1077 3862 1136 3909 ar-

162 3974 299 4053 borem
326 3976 538 4071 exstitisse,
579 3975 623 4054 id
649 3978 756 4076 quod
791 3978 895 4078 ligna
922 3974 1040 4051 Isaaci
1065 3973 1136 4048 hu-
