2626 4906
1036 581 1093 634 vu

106 788 191 836 non
220 774 295 834 tam
322 758 558 860 perficiendi
591 782 682 857 spe,
717 782 829 856 quam
855 762 1091 861 experiundi

107 901 317 975 voluntate
343 898 392 973 ad
417 900 516 971 hanc
544 898 651 994 quasi
672 922 810 970 novam
827 900 1092 996 quaestionem

108 1038 419 1136 investigandam
443 1018 657 1128 accessisse,
684 1037 947 1133 memineritis,
974 1065 1018 1115 ac
1038 1041 1089 1116 de

109 1180 184 1251 hoc
223 1175 267 1249 in
298 1201 360 1248 me
394 1186 574 1274 suscepto
610 1175 732 1248 arduo
767 1200 892 1273 opere
919 1177 1090 1276 benigna

107 1313 245 1390 seratis
278 1313 449 1411 judicia,
489 1314 632 1388 iterum
673 1313 894 1412 iterumque
934 1327 1090 1414 rogatos

26 1446 29 1451 ⁴
107 1453 213 1528 volo.

184 1729 249 1804 De
276 1729 395 1828 ipsius
418 1729 688 1827 disputationis
709 1729 848 1802 ordine
869 1752 912 1802 ac
934 1727 1087 1804 ratione

106 1867 207 1941 nihil
235 1867 373 1960 habeo,
407 1869 515 1965 quod
540 1868 605 1940 hic
634 1890 843 1964 exponam,
884 1890 1002 1962 quum
1027 1891 1089 1938 ar·

108 2004 285 2103 gumenti
311 2004 526 2078 notationes
559 2003 634 2101 ipsi
661 2003 774 2102 operi
801 2002 877 2075 sint
904 2002 1087 2100 praemis·

105 2167 183 2234 sae,
211 2142 351 2238 quibus
379 2168 423 2215 ea
450 2141 524 2233 via,
551 2167 662 2239 quam
685 2139 846 2231 institui,
874 2143 964 2214 satis
986 2141 1087 2214 dilu·
1132 2210 1137 2221 ,

109 2280 201 2352 cide
240 2291 298 2352 est
340 2280 639 2354 demonstrata·
674 2277 757 2354 Nec
800 2280 1086 2354 consideratum

111 2427 182 2507 est,
206 2442 256 2492 ne
284 2442 341 2509 ea,
376 2442 476 2514 quae
502 2415 579 2490 suis
604 2415 702 2489 locis
730 2415 887 2512 copiose
915 2428 1086 2515 apteque

104 2566 196 2626 sunt
229 2555 441 2652 explicata,
481 2567 737 2652 praepostere
775 2553 840 2628 hic
876 2563 1086 2653 praerepta

103 2692 334 2785 videantur,
371 2693 422 2765 de
448 2692 677 2790 interpretis
704 2667 826 2765 nostri
853 2693 1004 2766 ratione
1031 2703 1086 2764 at·
1113 2738 1120 2747 -

40 2912 43 2917 ,
103 2855 183 2928 que
211 2828 346 2902 indole
372 2829 502 2903 multis
531 2831 608 2926 jam
634 2830 821 2927 praefari,
855 2829 1086 2928 perdignam

104 2978 236 3041 autem
262 2966 613 3064 suisseNEphraemi
646 2966 935 3065 interpretandi
968 2967 1085 3039 ratio-

101 3128 206 3195 nem,
235 3128 334 3201 quae
355 3103 639 3177 accuratissime
660 3102 974 3201 perquireretur,
995 3126 1086 3198 qua·

100 3252 290 3340 propter
308 3266 487 3340 magnum
520 3265 676 3339 quoque
711 3239 854 3313 librum
887 3237 1085 3317 desidera-

103 3377 177 3471 vit,
203 3379 285 3477 ipsa
309 3389 441 3453 'nostra
461 3378 520 3452 rei
541 3378 720 3452 tractatio
747 3377 982 3469 declarabit3
1008 3375 1085 3449 hoc

102 3512 224 3590 unum
240 3526 385 3590 tantum
400 3515 466 3588 hic
478 3515 707 3608 monuerim,
728 3515 895 3614 primum
912 3515 1082 3589 omnium

102 3652 332 3751 quicunque
372 3653 411 3728 S.
452 3652 491 3729 S.
532 3652 878 3752 interpretationes
920 3650 1087 3748 scripse-

102 3800 218 3883 runt,
245 3791 363 3866 luisse
390 3803 582 3883 nostrum,
609 3790 678 3889 qui
703 3790 809 3863 inter
834 3787 1086 3886 allegoricam

101 3939 148 4004 et
182 3928 289 4003 inter
323 3928 522 4004 verbalem
556 3925 846 4028 interpretandi
881 3922 1100 4002 consuetu-⁸
