2626 4906
161 591 241 672 alo
290 599 298 615 '

162 822 241 879 eum
273 800 424 900 rugient
459 794 599 873 leones:
625 795 755 899 Reges
782 806 823 876 et
847 823 968 900 regna
1004 799 1055 875 ad
1080 795 1138 876 le·

163 965 280 1016 onum
305 935 545 1037 rugientium
565 935 685 1010 instar
698 938 942 1012 fremuerunt
955 946 995 1011 et
1008 939 1139 1014 adhuc

163 1077 344 1153 fremunt.
371 1101 408 1150 v.
435 1073 496 1150 31.
523 1072 709 1171 Numquid
731 1073 890 1148 solitudo
906 1076 1041 1174 factus
1062 1101 1140 1150 sum

164 1209 326 1294 Israeli?
350 1212 389 1288 h.
423 1235 456 1286 e.
494 1210 576 1286 sine
610 1211 806 1286 miraculis
833 1223 875 1286 et
900 1210 1045 1311 signisl
1072 1229 1140 1288 aut

165 1367 346 1452 tamquam
367 1365 493 1423 terrae
505 1347 674 1441 desertae
696 1347 843 1426 instar?
856 1349 1140 1428 infoecundaet

165 1488 204 1568 h.
232 1515 266 1566 e.
320 1486 432 1562 Hanc
457 1512 526 1561 vos
553 1486 604 1561 de
629 1512 692 1562 me
719 1488 942 1587 opinionem
969 1488 1142 1588 cepistis,

167 1623 277 1728 quasi
301 1649 432 1723 neque
469 1623 655 1698 miracula
694 1637 864 1724 patrare,
890 1650 1022 1724 neque
1048 1652 1141 1726 por-

166 1732 276 1839 tenta
302 1786 347 1836 ac
372 1759 556 1854 facinora,
582 1771 626 1835 ut
651 1760 743 1835 alias
769 1762 951 1859 solebam,
979 1764 1142 1840 efficere

167 1900 341 1994 valeam,
376 1908 494 1996 atque
527 1897 621 1972 inde
646 1897 758 1973 vobis
785 1899 999 1998 displicuit,
1026 1926 1143 2000 opem

168 2063 215 2114 ac
241 2036 405 2112 salutem
440 2060 461 2109 a
495 2033 781 2110 beneficentiae
812 2061 922 2112 meae
957 2038 1142 2114 thesauro

170 2183 411 2275 exspectare.
438 2171 476 2267 4,
503 2173 565 2250 26.
618 2170 794 2276 Adspeai
819 2188 856 2247 et
882 2198 964 2248 ecce
993 2172 1143 2252 Carme-

170 2309 230 2386 lus
256 2308 431 2386 desertus.
476 2305 696 2385 Carmelum
722 2321 836 2384 vocat
857 2310 1144 2412 Hierosolyma,

171 2446 224 2524 ob
250 2447 395 2522 civium
420 2446 680 2546 frequentiam
705 2455 747 2522 et
771 2449 970 2543 montium,
996 2448 1039 2522 in
1059 2450 1144 2548 qui-

171 2585 245 2660 bus
272 2610 407 2659 eorum
432 2584 722 2659 fundamentum
749 2596 833 2658 erat
857 2585 1039 2685 positum,
1052 2586 1144 2662 emi-

110 2786 116 2794 .
172 2721 361 2815 nentium,
387 2720 454 2795 vel
491 2719 696 2816 Judaeam,
730 2721 781 2796 ob
808 2723 1079 2816 amoenitatem
1106 2732 1147 2800 et

173 2858 418 2934 fertilitatem
444 2855 626 2951 Carmeli,
647 2858 753 2958 jugis
780 2869 821 2933 et
848 2859 990 2958 campis
1016 2860 1146 2935 eidem

175 2995 360 3096 subjectis
385 2995 631 3096 persimilem.
659 2996 696 3091 8,
723 2997 784 3072 22.
810 2993 905 3084 Num
930 2997 1056 3072 resino
1076 3014 1147 3072 nou

175 3149 232 3210 est
270 3134 309 3208 in
356 3129 612 3211 Giteatidide?
647 3158 726 3232 quo
761 3132 852 3207 alias
887 3159 1022 3233 magna
1062 3137 1147 3234 ejus

176 3271 289 3371 copia
316 3271 594 3371 quaerentibus
620 3296 704 3345 eam
729 3282 788 3345 est
813 3270 855 3346 in
867 3269 1102 3370 promtulh.
1113 3298 1146 3350 e.
1190 3341 1197 3357 ,

177 3431 249 3482 cur
286 3408 519 3483 defecerunt
556 3406 817 3482 institutiones
855 3408 1012 3507 divinae
1048 3409 1148 3509 legis

178 3568 227 3618 ex
251 3544 548 3645 Hierosolymis,
575 3569 674 3643 quae
712 3544 844 3644 legum
871 3546 1008 3620 schola
1029 3546 1149 3621 habe-

176 3679 342 3756 banturl
380 3682 447 3777 18,
488 3682 547 3758 14.
621 3680 762 3784 Rupere
796 3682 940 3756 uberum
976 3682 1152 3782 appellat

176 3828 345 3923 montem
365 3818 541 3893 Hermon
572 3817 893 3915 (fertilissimum).
927 3819 1152 3919 Pereqrinas

177 3977 241 4032 eas
252 3966 365 4033 vocat
379 3981 505 4054 aquas,
518 3980 629 4054 quae,
639 3957 928 4057 quumprimum
942 3967 1153 4058 erumpunt
