2626 4906
161 567 637 674 aas¹

162 777 315 870 Attibo,
340 781 429 875 post
453 779 616 848 mortem
639 734 849 873 Ephraemi
875 774 995 849 etiam*
1024 765 1130 872 man-
1156 850 1162 863 ,

162 915 212 989 sit
248 913 446 1010 fidemque
488 909 700 989 catholicae
739 911 948 1006 ecclesiae,
995 911 1132 987 Antio-

163 1053 286 1124 chena
313 1048 443 1122 schola
468 1045 511 1121 in
534 1045 769 1120 Nestorianis
805 1058 845 1120 et
876 1048 1132 1149 Eutychianis

163 1184 445 1260 turbationibus
452 1184 530 1281 jam
540 1209 675 1258 eversa
683 1183 963 1283 Persarumque
977 1186 1133 1260 christi-

164 1347 322 1397 anorum
352 1321 546 1396 Edessena
580 1320 711 1394 schola
743 1320 932 1419 dispulsa,
970 1333 1132 1399 strenue

164 1457 345 1534 servavit.
404 1458 483 1534 Vix
517 1470 598 1532 tres
633 1457 792 1555 quidem
828 1482 977 1532 menses
1008 1457 1133 1533 inter-

164 1605 358 1669 cesserant
383 1595 430 1668 ab
456 1593 665 1694 Ephraemi
690 1605 828 1688 morte,
855 1620 973 1691 quum
998 1594 1136 1671 Ariani

164 1743 206 1806 et
230 1730 478 1825 Eunomiani,
516 1730 583 1829 qui
617 1732 694 1829 jam
728 1756 775 1805 eo
807 1730 966 1805 vivente
1003 1732 1136 1806 eccle·

164 1868 255 1943 siam
281 1870 442 1943 turbare
469 1877 681 1966 coeperant
716 1867 824 1940 etin
849 1866 968 1966 ipsam
994 1867 1134 1943 urbem

164 2005 346 2080 Edessam
367 2006 447 2101 jam
474 2005 709 2102 irruperant,
761 2003 975 2077 Edessenos
1000 2005 1136 2080 ortho-

167 2141 284 2213 doxos
310 2164 498 2213 unacum
532 2140 673 2235 Barse,
715 2130 883 2214 Edessae
922 2139 1135 2242 Episcopo,

165 2277 236 2359 sub
262 2275 430 2352 Valente
465 2275 700 2377 imperatore
736 2277 782 2351 ab
810 2276 985 2351 ecclesiis
1013 2302 1136 2377 expu-

165 2414 299 2486 lerunt
324 2411 402 2506 ¹³⁰),
435 2412 515 2509 jain
549 2425 638 2513 post
671 2414 769 2487 hanc
796 2423 959 2488 aetatem
985 2414 1136 2512 aliquot

168 2549 294 2643 annis,
343 2573 460 2646 quum
504 2549 673 2625 Valente
715 2549 943 2624 Arianorum
980 2553 1135 2629 fautore

168 2685 367 2777 exstincto,
394 2684 612 2760 Orthodoxi
639 2685 704 2760 die
725 2684 775 2761 27
798 2686 1027 2762 Decembris
1044 2690 1136 2767 anni

167 2822 243 2900 378
268 2820 499 2897 Edessenam
516 2822 730 2897 Ecclesiam
756 2837 1051 2923 recuperassent
1064 2827 1136 2923 l³¹),

168 2958 293 3035 afide
331 2957 545 3033 orthodoxa
583 2960 831 3056 deficientes,
869 2960 1136 3039 Nestorianam

167 3107 310 3172 sectam
335 3094 493 3193 plurimi
525 3097 705 3195 quidem,
744 3098 925 3195 interque
962 3123 1027 3172 eos
1065 3099 1136 3176 im-

167 3232 302 3332 primis
329 3230 442 3304 etiam
467 3230 551 3304 Ibas
573 3234 776 3332 episcopus
791 3232 1032 3329 (tao-457)
1050 3236 1138 3312 alii·

169 3394 245 3467 que
271 3364 521 3442 Jacobiticam
548 3369 711 3466 amplexi
737 3378 825 3443 sunt
844 3381 960 3469 atque
979 3370 1021 3446 in
1038 3372 1137 3446 Per-

171 3529 307 3597 sarum,
321 3502 390 3576 sub
404 3526 537 3577 eorum
551 3529 646 3604 rege
660 3504 845 3602 Chosroe',
862 3523 953 3584 natu
969 3508 1134 3606 minore,

220 3805 281 3869 130)
300 3803 438 3862 Assem.
465 3806 485 3863 1.
503 3807 522 3863 l.
548 3807 572 3863 1.
590 3811 633 3869 sl.
654 3827 717 3869 ann.
735 3830 764 3883 p.
781 3815 824 3874 98.
846 3813 901 3873 v1.
918 3814 974 3870 111.
1000 3817 1026 3873 2.
1043 3832 1072 3884 p.
1089 3818 1133 3874 57.

221 3944 282 4008 131)
301 3940 339 3998 id.
356 3940 377 3998 1.
394 3941 414 3999 l.
432 3942 489 3999 111.
506 3945 532 4001 2.
549 3947 591 4004 67.
