2626 4906
966 573 1042 652 lto

76 817 117 866 eo
154 782 290 883 omnio,
338 813 432 885 quoe
467 787 581 860 dioto·
607 803 691 859 sunt
735 786 781 882 ἀὲ
823 781 1043 863 Serobobele

77 927 198 1030 typice
224 940 407 1030 (uppem)
472 927 625 1031 Arcano
651 939 818 1029 (armum)
845 923 972 1018 igitur
994 918 1046 993 od

76 1065 249 1140 Messium
276 1060 522 1134 traducantur
542 1084 616 1164 per
645 1058 834 1134 Theoriorn
861 1075 1044 1165 (⁸37'7ffi22),

78 1225 180 1296 quum
220 1200 301 1300 ipse
336 1199 386 1270 sit
420 1221 528 1271 oerus
563 1197 699 1272 Oriens
731 1211 767 1270 et
799 1198 975 1302 splendor
999 1206 1045 1280 de

77 1339 199 1428 Putre,
226 1335 289 1431 qui
315 1351 464 1408 exortus
488 1350 543 1408 est
568 1333 672 1407 nobis
692 1336 882 1410 secundum
901 1365 1045 1416 coruom
1147 1334 1151 1341 ¹

80 1474 252 1572 cujusque
278 1494 400 1543 nornen
424 1488 588 1546 vocaturn
614 1487 670 1546 est
697 1474 842 1548 Oriens.

155 1607 415 1706 cognovimus
426 1609 505 1706 jam
524 1609 596 1702 rei,
623 1634 735 1707 quam
751 1611 916 1709 primum
931 1641 1046 1713 quae-

80 1744 246 1838 sivimus,
272 1744 391 1818 multa
417 1746 610 1844 exempla3
643 1771 766 1841 nunc,
806 1774 905 1845 quae
933 1752 1049 1828 uerbi

80 1890 211 1983 θεωρία
243 1879 354 1978 origo
380 1881 502 1955 fuerit
528 1870 569 1955 et
596 1882 652 1955 vis
672 1893 712 1957 et
730 1909 815 1957 usus
835 1888 1048 1962 accuratius

82 2017 285 2091 admodum
312 2018 454 2117 exponi
481 2019 619 2115 debet3
645 2018 765 2117 idque
790 2021 901 2095 nobis
917 2023 959 2096 in
974 2025 1050 2097 hoc

82 2154 303 2252 disputandi
321 2180 468 2253 genere
485 2167 635 2230 restare
650 2182 767 2230 unum
782 2167 888 2255 puto.
924 2159 1051 2257 Atque

82 2293 166 2389 ejus
199 2291 358 2390 quidem
392 2291 499 2367 vocis
535 2293 647 2392 origo
687 2317 734 2367 ex
766 2319 902 2368 aroana
935 2296 1053 2370 Grae-

84 2453 216 2502 corum
243 2429 448 2527 disciplina
467 2440 526 2504 est
544 2430 776 2528 repetenda:
803 2445 932 2536 scopin
952 2432 1055 2506 enim

84 2566 182 2640 dicti
217 2577 315 2658 sunt,
352 2566 420 2663 qui
455 2566 497 2641 in
523 2567 669 2641 arcanis
695 2567 838 2641 initiati
872 2570 1053 2662 filerunt3

85 2715 202 2803 atque
227 2703 293 2776 hic
314 2715 372 2776 est
390 2704 574 2802 proprius
592 2716 633 2778 et
649 2704 928 2802 antiquissimus
942 2704 1057 2779 verbi

84 2859 230 2946 θεωρεῖν
262 2865 369 2934 usus,
415 2850 459 2914 ut
500 2842 550 2914 de
593 2841 640 2914 iis
683 2841 857 2933 dicatur,
896 2843 966 2939 qui
1009 2841 1058 2916 ad

84 2978 359 3080 mysteriorum
393 2977 756 3076 contemplationem
795 2987 883 3073 sunt
924 2975 1059 3049 admis-

87 3118 121 3192 si
147 3118 214 3209 ²²⁹).
276 3115 373 3188 Inde
410 3124 536 3187 autem
564 3111 753 3188 emanavit
779 3111 892 3185 verbi
928 3119 1060 3213 asupio

86 3253 148 3329 ris
188 3263 304 3350 atque
344 3277 432 3326 usus
475 3251 579 3350 apud
616 3247 807 3324 eccle-siae
849 3247 1061 3345 scriptores

89 3415 265 3491 graecos.
335 3389 404 3464 nst
449 3387 552 3462 enim
597 3385 824 3461 coelestium
861 3381 1061 3458 meditatio

88 3528 173 3604 sive
200 3553 332 3601 rerum
358 3525 575 3600 divinarum
601 3532 644 3599 et
669 3521 938 3624 spiritualium,
964 3545 1063 3620 quae

102 3690 335 3710 Μ

144 3767 208 3833 229)
241 3764 407 3818 consulatur
429 3763 485 3820 Vir
510 3762 686 3820 Periilustris
718 3779 752 3821 ιο
770 3760 897 3842 Summe
924 3757 1064 3814 colendus

92 3869 238 3924 Lobeck
264 3869 293 3921 in
325 3866 532 3937 Aglaophamo,
565 3867 625 3921 rive
660 3865 695 3918 de
723 3865 897 3933 Theologiae
928 3859 1064 3933 mysticae

93 3971 266 4028 Gnecorum
284 3969 407 4038 caussis,
424 3969 489 4026 libr.
507 3968 563 4027 111.
581 3970 615 4025 Τ.
634 3975 658 4026 1’.
677 3986 705 4038 p.
723 3972 766 4036 u,
785 3983 849 4023 ann.
867 3961 913 4034 [al.
