2626 4906
117 603 227 681 ut

174 810 203 897 Ι.
231 807 291 888 78.
316 807 360 886 Β.
387 807 456 885 ubi
482 810 534 886 de
555 811 714 910 jurandi
740 811 821 890 ritu
847 814 995 914 agitur,
1030 820 1145 917 prae.-

175 948 281 1022 ctare
294 945 359 1041 ait,
376 949 642 1046 jusjurandum
661 949 702 1024 in
714 950 1021 1049 circumcisione,
1043 981 1144 1054 quae

174 1260 228 1312 buc
245 1255 443 1311 transferantur
460 1253 562 1311 Petri
579 1255 769 1312 Benedicti
787 1258 872 1312 verba
890 1258 927 1322 (1.
935 1259 971 1314 ad
980 1260 1058 1318 Lect
1070 1279 1101 1330 p.
1110 1263 1142 1329 3)

172 1376 245 1428 quae
267 1360 306 1414 ita
337 1376 367 1414 se
393 1358 513 1414 babent:
546 1359 624 1426 „Hic
649 1359 920 1423 animadvertendum
942 1364 1089 1427 secundam
1111 1364 1143 1419 in

172 1461 295 1518 Genesin
313 1460 536 1531 explanationem
554 1462 685 1516 Catenam
707 1480 768 1516 esse
786 1481 802 1517 a
820 1463 925 1518 Severo
944 1463 1084 1541 Monacho
1102 1484 1141 1521 ex

171 1563 265 1622 Sancti
293 1564 445 1634 Ephraemi
470 1574 498 1619 et
520 1563 780 1618 Jacobi'Edesseni
807 1560 1024 1622 commentariis
1051 1540 1145 1622 inter-²

170 1676 287 1734 textam,
320 1668 392 1722 sicut
417 1666 513 1720 titulus
545 1666 608 1739 ipse
638 1667 733 1733 docet,
766 1685 853 1736 quare
877 1687 937 1723 eam
965 1670 1001 1726 de
1030 1668 1142 1739 Spiritu

170 1769 272 1826 Sancto
299 1769 557 1839 interpretationem
588 1766 733 1836 existimo,
769 1770 877 1825 Jacobo
905 1773 1049 1851 Edesseno
1078 1790 1142 1829 esse

169 1873 374 1941 restituendam,
392 1881 451 1928 esto
470 1875 552 1942 hujus
568 1891 671 1928 nomen
689 1874 734 1929 rel
752 1891 768 1928 a
784 1871 890 1929 Severo
908 1875 1065 1942 appositum
1083 1893 1140 1931 non

168 1969 268 2044 luerit,
295 1977 340 2032 vel
363 1979 423 2044 ejus
446 1977 511 2030 loco
528 1975 680 2045 Ephraemi
701 1992 801 2031 nomen
819 1978 1002 2046 suppositum.
1056 1960 1145 2034 Quod'

168 2079 266 2134 vitium
282 2079 312 2134 in
329 2076 467 2146 ejusmodi
485 2077 589 2145 catenis
612 2056 866 2146 frequentissimum
883 2079 939 2134 viri
957 2078 1032 2134 docti
1050 2076 1155 2136 anno?

168 2181 289 2237 terunt.“
307 2215 340 2226 -
365 2176 421 2234 Sed
439 2179 553 2263 dubium
571 2190 599 2235 te
616 2180 734 2236 reddere
751 2182 841 2249 possit
865 2181 950 2250 illud,
977 2182 1052 2251 quod
1069 2174 1146 2239 Bu-¹

167 2284 290 2352 silius,
322 2300 405 2352 quum
431 2282 466 2337 de
493 2284 649 2352 scripturae
674 2285 738 2338 loco
767 2301 848 2352 quem
872 2302 958 2356 supra
982 2260 1144 2355 posuimus,-

166 2397 231 2456 agat
247 2396 330 2455 atque
347 2387 470 2457 spiritum
486 2387 542 2442 Dei
567 2387 603 2442 de
625 2387 727 2457 spiritu
747 2395 840 2442 sancto
867 2387 1037 2443 intellectum
1054 2374 1144 2457 velit,¹

167 2491 318 2562 Ephraemi
336 2491 417 2546 etiam
434 2489 661 2563 explanationem
679 2490 757 2546 vocis
774 2484 900 2568 nanque,
927 2490 1032 2561 quippe
1049 2486 1132 2560 q'uam

165 2613 203 2650 ex
221 2598 282 2663 ejus
300 2594 521 2668 credidieisset,
539 2603 672 2650 memorat
703 2594 743 2661 (in
765 2597 783 2651 2
801 2593 905 2649 Homil.
929 2593 958 2648 in
975 2574 1139 2650 Hexaemess

165 2715 218 2753 ron
243 2708 272 2754 et
297 2697 326 2752 in
348 2697 426 2752 Actis
448 2699 537 2766 Ephr.
561 2700 634 2769 Opp.
658 2699 716 2754 Ill.
744 2715 773 2766 p.
800 2697 924 2760 XLIX.)
967 2690 1018 2753 ‘Ne
1046 2696 1144 2767 igitur

165 2801 238 2856 torte
267 2799 385 2868 fallaris,
421 2818 469 2868 en,
506 2802 607 2856 iterum
630 2801 867 2862 ,Benedictum
894 2800 933 2854 ita
959 2802 995 2855 de
1023 2793 1076 2855 bac
1102 2818 1136 2855 re

63 2937 65 2941 ν
164 2904 349 2976 disputantem
372 2905 504 2961 faciamus
528 2907 558 2969 (l.
577 2907 623 2970 l.):
659 2880 894 2973 „consequenter
912 2904 1057 2958 dicendum
1081 2915 1133 2970 est,

164 3006 194 3065 S.
212 3010 400 3078 Ephraemum
422 3009 488 3065 diro
514 3009 621 3065 Basilio
645 3010 699 3064 vim
722 3007 850 3063 vocabuli
877 3005 995 3062 hebraei
1017 3021 1133 3075 namn

163 3112 239 3182 quod
257 3112 316 3168 suis
333 3110 417 3184 Syris
434 3130 577 3169 commune
601 3122 668 3178 erat,
686 3109 872 3165 tantummodo
888 3109 1061 3188 explicuisse
1078 3127 1132 3164 nec

163 3232 277 3270 suorum
300 3213 439 3287 Syrorum
461 3217 498 3270 de
520 3233 603 3270 seusu
626 3214 702 3268 illius
725 3213 877 3283 periochae
899 3202 1062 3266 sententiam
1080 3211 1132 3265 de·

163 3317 298 3383 clarasse,
326 3335 378 3371 nec
403 3316 479 3372 aliud
500 3318 630 3387 prolecto
652 3317 772 3383 probant
788 3315 837 3367 illa
854 3312 953 3368 Basilii
972 3316 1075 3375 verba:
1099 3311 1132 3368 τὸ

163 3415 321 3489 ἐπεφέρετο,
338 3420 432 3488 φησὶν,
454 3417 605 3487 lippiunt,
622 3418 655 3472 rii
671 3417 857 3471 onustataef‘
882 3452 915 3461 -
943 3398 1138 3489 Explanatioss

163 3537 225 3575 nem
243 3521 367 3590 priorem
383 3521 630 3575 Barhebraeus
646 3518 750 3573 diserte
768 3530 864 3574 nostro
881 3519 981 3574 tribuit
1005 3519 1034 3573 in
1053 3520 1131 3573 llor-

163 3642 213 3680 reo
231 3632 312 3700 myst.
338 3626 368 3679 in
390 3625 460 3680 Gen.
478 3641 501 3680 c.
526 3628 550 3679 1.
573 3639 620 3691 up.
644 3623 775 3677 Assem.
801 3623 836 3677 B.
858 3623 893 3677 Ο.
913 3621 936 3677 Ι.
955 3626 996 3679 67.
1015 3624 1058 3679 68.
1086 3623 1130 3676 al-

163 3737 249 3783 teram
267 3747 334 3783 vero
351 3729 495 3797 ignorasse
512 3726 630 3782 videtur.
675 3727 764 3793 llujus
782 3742 850 3778 vero
868 3704 984 3778 alterius
1002 3722 1130 3778 meminit

163 3832 382 3899 Augustinus
403 3846 518 3897 eamque
540 3830 610 3898 Syro
632 3830 742 3898 quodam
759 3827 909 3882 christiano
929 3836 1070 3891 accenset,
1097 3824 1127 3881 in

163 3934 270 3989 Genesi
287 3935 321 3988 ad
338 3934 480 3989 Litteraru.
526 3950 554 3988 v.
571 3929 752 3986 Schrtickh
774 3930 875 3996 (ibtistt
902 3919 1128 3998 Ritdteupddtidte

163 4037 407 4108 annuns.
930 4064 933 4069 ·
1127 4060 1132 4069 ·
