2626 4906
1043 621 1070 698 3

86 816 363 913 eontinentur,
414 816 528 892 libris
574 842 684 895 usum
723 819 854 916 finisse,
889 821 1069 927 adeoque

84 956 172 1058 ipsa
198 953 438 1055 apocrypha,
463 954 520 1030 sic
543 955 647 1031 enim
667 956 894 1057 loquuntur,
921 964 1069 1065 scripta

84 1091 311 1169 adhibuisse
331 1092 376 1185 ²).
427 1091 585 1168 Etenim
597 1093 789 1172 librorum
801 1097 870 1197 qui
885 1097 1068 1203 inscripti

83 1240 177 1306 sunt
211 1240 254 1305 et
293 1230 543 1331 appellantur
578 1230 782 1330 Judithae,
828 1234 1067 1336 Sapientiae,

83 1367 262 1463 Tobiae,
309 1368 519 1463 Siracidis,
565 1367 751 1447 Baruchii
792 1372 980 1473 frequens
1021 1378 1068 1454 fit
1109 1440 1117 1463 ,

79 1506 273 1584 memoria
291 1517 409 1609 atque
431 1507 530 1583 adeo
550 1506 718 1607 primum
740 1519 781 1585 et
802 1514 1017 1593 secundum
1032 1516 1066 1611 ³)

82 1692 311 1713 Μ

78 1788 162 1843 Tom.
181 1784 209 1840 1.
226 1802 256 1855 p.
275 1787 337 1842 186.
371 1783 439 1849 „Ec
460 1782 506 1838 Isis
528 1783 654 1853 comibus
677 1816 711 1828 -
736 1784 779 1839 sic
801 1785 875 1840 enim
898 1785 989 1841 ait'-
1011 1804 1065 1842 non

81 1906 186 1961 aarum
196 1888 368 1943 accessiones
379 1893 485 1942 restant
500 1887 539 1940 cd
554 1886 716 1941 variantium
733 1887 836 1944 stilicen
853 1890 1064 1947 collectionem.“

126 2031 161 2092 2)
179 2026 372 2094 Ephraemum
394 2024 478 2078 etiam
505 2023 541 2079 tt.
563 2024 597 2079 Τ.
624 2025 715 2081 libros
743 2044 840 2084 omnes
865 2029 1066 2098 explanatione

79 2149 131 2187 sna
149 2130 289 2198 donasse,
316 2145 354 2182 ex
380 2128 417 2182 iis
441 2127 538 2195 colligi
556 2127 639 2184 debet
657 2146 728 2198 quae
747 2130 954 2200 Gregorius
971 2133 1063 2206 Nys-

78 2249 189 2289 senus
217 2231 247 2286 in
273 2229 447 2285 Encomio
485 2231 528 2296 (v.
557 2231 665 2301 Ephr.
691 2250 759 2305 opp.
786 2250 830 2303 gr.
858 2235 903 2291 ed.
932 2236 1015 2290 Rom.
1037 2235 1062 2292 1.

76 2354 111 2406 p.
128 2336 214 2400 vll.)
245 2334 282 2389 de
307 2350 343 2388 eo
371 2333 485 2388 disserit
510 2335 690 2402 hujusmodi:
713 2334 839 2393 παλαιάν
854 2356 884 2394 rs
899 2339 949 2392 καὶ
964 2335 1065 2408 καινὴν

79 2434 261 2510 ἐκμελετήσας
274 2433 432 2513 γραφὴν-
441 2470 474 2484 -
488 2433 555 2523 dlqv
570 2437 698 2514 ἀκριβῶς
705 2437 776 2516 πρὸς
790 2443 867 2504 tren
881 2437 1063 2517 ἡρμήνευσεν,

78 2538 139 2599 ἇπό
155 2561 184 2600 τε
200 2539 247 2612 τὴς
262 2546 464 2613 κοσμογενείας
478 2540 709 2618 ’καὶ·“μέχρι,ὶτῆς
723 2546 879 2606 τελευταίας
894 2547 940 2613 τῆς
950 2540 1064 2620 χάριτος

75 2650 168 2719 ciple.
204 2644 425 2714 Evangeliorum
450 2645 645 2716 expositiones
670 2663 701 2701 se
728 2648 836 2704 vidisse
858 2665 963 2716 casque
979 2647 1064 2703 athis

74 2753 174 2810 unisse
200 2759 339 2806 testantur
361 2749 520 2820 Dionysius
546 2749 604 2804 Bar
626 2749 717 2805 Salibi
750 2751 782 2818 (l-
799 2755 869 2809 1192
886 2769 915 2823 p.
943 2751 1007 2816 Ch.)
1032 2760 1063 2807 et

72 2857 285 2913 Barhebraeus.
315 2871 343 2910 a.
387 2853 577 2907 Comment.
608 2870 714 2908 meam
741 2854 859 2911 critic.
890 2872 920 2926 p.
943 2859 970 2913 3.
993 2871 1057 2911 ann.

74 2966 117 3018 lo.
135 2979 168 3030 p.
186 2963 231 3014 ll.
248 2974 311 3012 ann.
328 2959 373 3015 32.
409 2955 633 3010 Commentarios
650 2958 807 3026 Ephraemi
835 2958 865 3014 in
888 2957 1060 3014 Matthaeum

73 3073 103 3118 et
118 3065 229 3118 Lucam
246 3061 340 3115 laudat
357 3059 556 3114 cordesius
573 3059 602 3113 in
620 3059 733 3115 Catenis
750 3061 781 3114 in
798 3061 897 3115 Matth.
913 3061 1058 3127 stillare,

72 3167 164 3222 multa
179 3182 251 3245 vero
268 3165 423 3232 fragmenta
440 3179 542 3232 graece
559 3170 672 3217 exstant
688 3162 718 3216 in
727 3161 915 3218 Bibliothecis
921 3162 1059 3220 Varie.-

72 3269 133 3328 vid.
169 3269 255 3340 Eph.
274 3268 349 3343 Opp.
367 3284 428 3341 syr.
441 3267 466 3322 1.
484 3265 976 3350 Praei.adLectorempreemissam
993 3248 1059 3343 inl.

125 3410 158 3476 3)
176 3409 251 3476 opp.
271 3423 330 3479 syr.
349 3405 468 3482 Itane.
495 3405 530 3460 cl.
555 3423 585 3483 p.
602 3410 664 3465 23⁰.
687 3407 744 3463 111.
762 3409 824 3466 285.
861 3407 938 3475 Opp.
955 3422 999 3477 gr.
1017 3405 1058 3461 11.
1163 3475 1166 3481 Ι

72 3517 144 3581 tom
172 3510 302 3568 revolvas
324 3508 364 3565 sis
386 3508 573 3565 Assemani
598 3510 632 3565 B.
661 3510 696 3565 Ο.
722 3510 748 3568 Ι.
766 3515 827 3569 ltt.
855 3510 957 3568 111.1.
982 3529 1011 3579 p·
1030 3514 1058 3568 l.

71 3634 138 3673 ann.
157 3619 183 3674 ὅ.
206 3650 240 3662 -
257 3632 287 3685 p.
308 3620 334 3673 t.
353 3631 416 3669 ann.
434 3618 503 3672 4.-
521 3615 622 3668 Exeo
640 3631 718 3682 vero,
737 3615 812 3684 qnod
824 3615 1056 3669 Maccahaeorum

70 3720 158 3776 libris
175 3735 242 3775 usus
264 3716 351 3773 suerit
367 3718 558 3787 Ephracmus‚
584 3734 641 3772 non
668 3718 760 3774 statim
784 3717 941 3785 evincitur,
969 3733 1054 3771 cano·

73 3823 167 3880 nicam
191 3841 256 3878 enm
280 3821 416 3877 tribuisse
443 3820 481 3876 iis
498 3822 704 3890 auctoritatem,
730 3822 960 3892 quemadmodum
977 3836 1052 3875 sum-

65 3930 172 3985 'semnt
188 3925 377 3985 Assemeni
394 3925 463 3980 llll.
480 3933 510 3979 et
526 3924 657 3984 Petrus
675 3926 898 3985 Benedictus
915 3923 1052 3987 inPrael.

69 4032 109 4090 ed
124 4033 203 4105 opp.
220 4048 282 4105 syr.
299 4031 334 4089 T.
351 4030 393 4088 11.
410 4047 440 4114 p,
457 4028 527 4087 XV.

859 4137 876 4190 ι
893 4135 909 4171 ὑ
