2626 4906
163 580 217 662 76

164 789 215 865 ad
240 810 471 888 synagogam
505 782 718 885 spectantia
752 791 1032 887 comprehensa
1067 792 1136 867 ha-

164 929 292 1021 beret,
318 934 427 1000 certa
453 922 567 998 etiam
588 920 735 999 Christi
757 923 903 1000 indicia
922 928 1004 1004 sive
1016 940 1136 1028 typos

163 1063 387 1157 continere,
430 1063 592 1161 ejusque
618 1063 879 1138 oeconomiam
905 1066 971 1139 vel
996 1064 1037 1138 in
1063 1093 1135 1164 po-

162 1200 250 1302 puli
286 1199 434 1299 judaici
471 1200 557 1274 fatis
589 1209 631 1274 et
668 1200 840 1313 eyentis,
873 1202 939 1275 vel
965 1202 1007 1275 in
1038 1203 1136 1277 scri-

162 1350 302 1439 pturae
351 1337 466 1414 dictis
514 1348 555 1412 et
601 1335 793 1411 vaticiniis
833 1337 1043 1436 significari
1077 1341 1133 1434 93).

162 1475 345 1575 Denique
380 1501 478 1550 vero
514 1473 834 1549 verisimillimum
859 1475 935 1549 hoc
961 1473 1135 1572 videtur,

163 1638 252 1688 eum
276 1639 356 1686 non
381 1590 566 1705 statuisse,
593 1611 891 1710 significationes
912 1612 1135 1711 figurasque

162 1749 248 1825 illas
282 1749 350 1824 vel
384 1775 405 1824 a
439 1748 579 1848 spiritu
611 1759 741 1823 sancto
780 1747 907 1851 velxa
939 1750 1135 1847 scriptore

164 1912 248 1962 esse
274 1896 475 1986 spectatas,
502 1912 551 1961 ex
576 1911 652 1985 quo
678 1884 767 1959 fieri
781 1856 934 1959 scilicet
953 1886 1135 1985 debebat,

163 2035 208 2098 ut
232 2023 343 2098 libris
369 2024 484 2098 sacris
511 2023 658 2124 duplex
683 2048 812 2097 sensus
837 2021 991 2099 inesset.
1049 2022 1135 2101 Jam

163 2185 260 2234 vero
303 2185 352 2234 ex
395 2158 555 2235 Cosmae
601 2159 889 2259 interpretandi
935 2162 1134 2257 methodo,

164 2322 276 2395 quam
302 2297 583 2391 inchoavimus,
623 2296 656 2371 si
691 2296 743 2371 de
773 2295 943 2372 Diodori
968 2298 1133 2393 ratione,

164 2435 483 2533 quemadmodum
515 2434 611 2509 secit
644 2432 912 2529 Ernestins,
946 2435 1135 2534 suspicari

164 2571 337 2664 libuerit,
364 2573 600 2669 eodemjure
619 2570 670 2645 de
683 2570 864 2666 Eusebio,
890 2574 999 2671 cujus
1012 2582 1135 2648 secta*

163 2718 228 2782 tor
253 2707 448 2783 Diodorus
475 2708 640 2803 dicitur,
682 2718 786 2782 tuam
821 2697 1049 2783 sententiam
1084 2711 1135 2786 ad

165 2870 229 2939 ea,
269 2871 368 2944 quae
396 2845 447 2920 de
473 2858 641 2944 utroque
668 2845 738 2920 illo
764 2856 916 2945 patent,
955 2846 1135 2946 dirigere

163 2981 322 3082 poteris.
387 2984 515 3083 Atque
541 2983 647 3060 idem
671 2983 790 3079 illud,
829 2984 936 3082 quod
961 2984 1012 3059 de
1037 2983 1135 3060 Dio-

164 3121 262 3196 doro
302 3121 577 3220 disputavimus
584 3177 597 3216 ,
636 3121 843 3197 Sozomeni
882 3129 923 3195 et
960 3119 1134 3198 Socratis

161 3257 388 3332 testimoniis
415 3259 502 3333 satis
537 3258 638 3333 notis
663 3261 728 3353 ⁹¹¹),
771 3257 1006 3333 luculentius
1041 3285 1134 3358 pro-

162 3395 288 3487 batur,
308 3394 375 3492 qui
387 3395 603 3470 Diodorum
619 3393 833 3494 simplicem
850 3404 995 3472 tantum
1014 3408 1133 3497 atque

164 3560 393 3573 ᾖ

213 3638 260 3703 93)
278 3633 420 3690 Theodori
437 3631 628 3704 Mopsuesteni
645 3633 740 3690 Praef.
763 3631 793 3690 in
816 3633 925 3702 Jonam‚
948 3635 994 3692 ine
1022 3635 1133 3709 scriptt.

163 3747 217 3796 vet.
236 3738 412 3797 collectione
429 3739 474 3795 ed.
491 3739 526 3793 ab
544 3738 685 3807 Angelo
703 3738 791 3808 Maji
808 3757 837 3809 p.
856 3743 890 3798 59
907 3757 972 3809 sqq„

211 3880 258 3944 et)
284 3878 390 3934 Socrat.
418 3877 454 3933 H.
474 3877 508 3932 E.
527 3876 586 3944 v1,
608 3881 635 3936 3.
661 3878 705 3933 ed.
729 3877 856 3948 Mogont.
874 3895 903 3948 p.
920 3881 980 3937 302.
1016 3877 1130 3936 Sozom.

163 3981 199 4039 H.
218 3982 252 4038 E.
270 3981 400 4048 V111,2.
418 4000 446 4053 p.
466 3984 526 4039 757.
