2626 4906
169 649 245 726 180

162 853 254 930 394.
282 848 349 946 C),
375 850 536 926 Ehudus
561 849 633 944 (ib,
659 850 745 928 310.
772 851 814 927 B.
833 848 909 946 0.),
936 852 1142 953 Samgarn's

167 990 273 1082 (310.
308 988 353 1063 ll.
392 988 476 1082 R),
521 988 651 1063 laelus
697 989 803 1079 (311.
843 991 928 1083 4.),
988 990 1141 1066 Simson

167 1125 273 1217 (323.
300 1125 413 1200 B.11.
441 1123 528 1201 327.
556 1126 630 1218 Α),
657 1123 795 1199 Saulus
822 1128 925 1217 (350.
953 1128 996 1202 Α.
1023 1132 1142 1226 sqq.),

166 1263 400 1337 Jonathanus
427 1261 531 1352 (359.
565 1261 648 1355 Ε),
683 1263 895 1336 Absalonus
929 1264 1140 1359 (41211),

166 1399 270 1474 Elisa
309 1397 413 1490 (521.
447 1397 491 1473 C.
526 1397 573 1473 D.
608 1398 694 1474 529.
727 1399 808 1494 Β),
847 1401 918 1473 sed
951 1400 1141 1500 imprimis

165 1535 337 1612 Davides
363 1537 419 1627 ²⁵⁰)
453 1543 494 1608 et
519 1534 673 1609 Salomo
700 1535 746 1626 (I.
774 1535 860 1611 451.
887 1537 950 1630 ll).
1010 1539 1139 1637 Atque

166 1673 265 1747 adeo
284 1672 507 1770 Prophetae
527 1671 651 1768 ipsum
668 1670 830 1746 Davidis
847 1676 1000 1769 namen,
1023 1702 1149 1786 quem.

166 1835 188 1883 a
243 1819 342 1908 typo
394 1816 683 1899 mutuarentur,
741 1806 898 1882 Christo
947 1811 1139 1910 imposue-

165 1954 258 2019 runt
283 1944 352 2039 ²⁵¹),
383 1945 533 2043 quippe
560 1970 678 2042 quum
703 1970 830 2044 prope
858 1947 995 2042 omnia,
1023 1976 1139 2048 quae-

165 2091 321 2180 cunque
341 2081 383 2154 in
402 2079 548 2154 damini
560 2080 639 2155 vita
654 2092 929 2180 apparuerunt,
949 2083 991 2158 in
1010 2086 1138 2186 typici

164 2218 272 2294 nnus
297 2217 403 2318 regis
427 2217 594 2316 imagine
620 2217 858 2317 primoribus
891 2221 998 2318 quast
1023 2190 1138 2297 num

160 2359 240 2454 jam
263 2354 442 2429 inchoata
468 2364 607 2430 essent.
672 2355 809 2453 Itaque
837 2355 1014 2431 Christus
1041 2359 1138 2434 dici-

164 2505 231 2566 tur
265 2515 333 2566 rea
367 2515 493 2588 regam
528 2504 565 2564 et
599 2489 767 2599 Davides
805 2517 913 2567 aeras
944 2501 1049 2587 (εφη
1068 2499 1137 2596 ἠξῃ

163 2657 275 2736 namra
296 2632 377 2724 *rum
398 2628 427 2703 Ι.
444 2627 532 2704 365.
548 2627 613 2721 Ε.)
639 2626 721 2702 sive
747 2629 963 2732 spiritualia
988 2631 1136 2709 saloma

164 2780 291 2872 (mrum
314 2778 426 2867 tranant
458 2764 510 2840 ib.
538 2762 624 2840 472.
661 2761 735 2857 G).
800 2764 976 2840 Ecclesia
1009 2781 1137 2843 autem

165 2905 327 3001 ejusque
345 2899 529 3003 mysteria
546 2900 712 3000 primum
729 2902 980 2978 tabernacula
993 2905 1134 3004 figura-

162 3040 313 3116 bantur.
367 3040 510 3115 Totum
535 3037 658 3136 igitur
683 3039 830 3113 cultum
854 3039 1077 3116 Leviticum
1096 3055 1136 3118 et

163 3185 395 3253 structuram
422 3174 677 3270 tabernaculi,
702 3176 769 3251 vel
794 3201 880 3251 vasa
903 3177 1045 3273 altaris,
1069 3181 1135 3254 ha-

213 3478 277 3542 250)
299 3477 323 3533 1.
341 3481 403 3537 367.
418 3481 463 3536 D:
489 3481 612 3537 Davidea
637 3482 776 3538 adumbrat
796 3481 884 3550 nabis,
906 3483 1031 3555 plurimis
1040 3486 1134 3554 sactis

163 3578 232 3645 auia,
250 3581 377 3636 dotatarum
390 3592 515 3641 nostrum,

214 3718 278 3783 251)
297 3719 338 3774 11.
356 3725 417 3780 238.
434 3722 471 3778 D.
489 3723 525 3777 ad
542 3723 611 3778 Has.
625 3727 651 3791 3,
667 3725 698 3781 5:
716 3724 850 3782 Messian
868 3726 952 3794 ipram
969 3733 1073 3794 spectat
1088 3725 1134 3782 laic

163 3820 287 3888 Hereum
307 3823 354 3876 ille
371 3825 450 3879 etiam
466 3843 485 3879 a
502 3828 599 3881 ceteris
615 3826 754 3894 prophetia
772 3829 840 3890 (Jer.
857 3834 901 3894 30,
915 3833 940 3886 9.
958 3830 1009 3884 ΕΖ.
1026 3835 1070 3895 34,
1086 3831 1132 3893 23)

56 3986 59 3991 ,
163 3924 285 3979 Derides
301 3928 495 3996 appellabatur.
540 3930 567 3984 Α
585 3935 646 3999 typo
664 3938 748 3984 autem
764 3947 854 3986 nornen
867 3916 994 4001 ι(3252))
1031 3940 1132 3987 mutua·

162 4030 267 4084 bantur.
