2626 4906
980 556 1056 635 183
1203 640 1209 647 ,

84 759 196 858 gines
222 760 424 858 praeclare
449 757 604 833 referre
628 767 804 859 possunt:
844 769 911 856 ut,
937 789 1056 862 quum

83 908 250 995 quatuor
275 895 339 969 isti
363 897 536 970 homines
561 896 716 995 leprosi
741 900 783 991 (2
809 899 906 999 neg.
934 900 972 996 7,
998 904 1055 996 3),
1167 972 1177 993 ,

83 1035 158 1108 etsi
183 1033 394 1107 secundum
427 1034 579 1106 literam
605 1049 791 1140 (nffng‘ure)
820 1037 929 1111 foedi
964 1038 1053 1131 sint,

82 1183 212 1244 tamen
246 1169 278 1243 si
311 1169 353 1243 in
389 1194 454 1243 eos
489 1172 654 1270 mystica
675 1182 716 1246 et
741 1174 874 1273 typica
901 1174 1053 1249 ratione
1100 1246 1105 1266 ,

82 1321 279 1415 (maffia)
301 1307 488 1404 inquiras,
515 1331 563 1380 ee
589 1317 791 1406 respectu,
830 1335 912 1407 quo
932 1312 1052 1385 fausta

82 1443 366 1536 nunciaverint,
406 1455 559 1517 sanctos·
586 1455 751 1542 quatuor
788 1419 1052 1545 Evangelistas

80 1582 193 1657 nobis
254 1582 454 1656 commode
512 1591 827 1681 repraesentare,
866 1583 1051 1659 dicuntur
1112 1576 1114 1585 '

82 1718 245 1813 (1.537.
274 1720 338 1813 E).

157 1857 296 1954 Neque
321 1881 420 1931 vero
444 1841 566 1939 solum
600 1881 675 1932 res·
690 1855 943 1951 christianae,
981 1857 1052 1933 sed

81 2021 131 2070 ex
157 1996 320 2069 adverso
348 1991 467 2068 etiam
489 1993 635 2087 omnia,
673 2020 772 2092 quae
806 1996 893 2070 sese'
925 2020 1051 2095 regno

82 2133 216 2206 divino
243 2138 521 2230 opposuerunt,
554 2131 772 2230 quibusque
797 2132 1051 2232 profligandis
1079 2208 1083 2213 .

85 2279 127 2343 et
154 2268 388 2366 abrogandis
419 2267 530 2344 venit
555 2267 758 2362 Christus,
788 2295 864 2369 per
890 2269 1054 2368 figuram

82 2408 366 2481 adumbrantur.
418 2405 605 2487 Diabolus
628 2405 767 2504 igitur,
787 2407 896 2504 cujus
915 2416 1053 2506 typum

81 2552 357 2643 expresserunt
382 2540 548 2636 Chusan,
574 2540 715 2642 Syriae
740 2568 812 2619 rex
837 2544 943 2637 (Jud,
963 2543 1000 2636 3,
1015 2542 1051 2620 8³

79 2682 108 2756 I.
137 2681 223 2758 309.
250 2679 322 2772 R),
347 2689 429 2754 tum
455 2679 584 2754 Sisera
611 2680 680 2772 (ib.
707 2679 745 2774 4,
770 2682 806 2755 2.
832 2705 870 2779 p.
888 2679 974 2756 311.
993 2681 1053 2774 A),

81 2824 325 2917 quapropter
355 2817 511 2890 humani
546 2816 702 2948 generis
734 2815 853 2891 hostis
880 2827 920 2891 et
947 2815 1054 2891 intel,-
1098 2811 1101 2817 ’

81 2955 255 3030 lectualia
298 2954 430 3032 Siseru
478 2966 633 3060 (nunnae
654 2980 755 3060 aquae,
794 2953 821 3026 I.
864 2952 960 3028 315...
991 2953 1053 3044 B.)

82 3093 320 3193 appellatum
347 3102 429 3166 tum
454 3090 653 3165 Goliathus
680 3060 736 3187 (ᾗ.
759 3088 846 3166 367.
872 3089 947 3183 1.),
973 3097 1070 3163 turn¹

82 3230 321 3306 Sanheribus
354 3229 408 3327 (p.
442 3228 531 3305 555.
569 3223 613 3302 C.
651 3225 738 3303 55⁷.
775 3225 837 3321 C).
901 3223 1057 3324 Typice

82 3368 199 3444 etiam
225 3367 499 3441 describuntur
524 3363 731 3464 Synagoga
765 3362 869 3458 (311.
895 3363 937 3439 Α.
966 3363 1057 3439 403.

82 3506 131 3582 Ι).
159 3505 245 3581 452
272 3505 342 3598 Β),
378 3529 479 3578 mors
514 3529 588 3602 per
623 3502 808 3577 adamum
842 3501 946 3593 (310.
975 3499 1058 3594 Ε),

82 3641 167 3718 Lex
194 3641 435 3734 vetus‘(3ll.
463 3642 543 3734 A),
581 3650 622 3714 et
655 3664 754 3736 quae
781 3637 930 3712 relicua
956 3645 1054 3710 sunt.

160 3781 287 3879 Atque
308 3779 350 3855 in
366 3780 442 3853 hoc
463 3776 599 3879 typico
619 3802 778 3876 genere,
801 3775 907 3872 quod
921 3772 1059 3873 paucis¹
1170 3760 1172 3764 ¹

84 3941 165 3992 sum
192 3916 434 4015 complexus,
475 3940 525 3990 eo
555 3914 721 4006 labitur,
758 3925 802 3986 ut
828 3936 905 3985 non
931 3910 1075 3999 selum,
