2626 4906
264 552 343 629 280

263 758 322 834 (ad
352 758 513 826 Antiochi
539 760 729 846 Epiphanis
756 767 909 850 tempora
940 773 1061 854 usque)
1095 772 1236 838 exstite-

264 885 352 945 runt.
397 901 430 947 v.
453 883 505 949 37.
543 882 594 948 Tu
630 902 663 945 er
692 897 786 966 capot
819 908 955 954 aureum.
1011 891 1080 955 Hic
1109 896 1236 957 soronii

262 1193 372 1242 regnam
389 1181 426 1232 ad
442 1177 558 1232 Durium
574 1177 684 1231 Medum
702 1180 876 1244 translatum
892 1187 956 1247 post
973 1199 1067 1235 onnam
1083 1201 1147 1238 uero
1157 1183 1236 1238 aliud

261 1283 378 1335 nundum
396 1282 522 1348 (veniet),
542 1297 658 1346 regnare
677 1281 781 1350 Corma.
818 1280 866 1334 Sic
884 1282 965 1335 etiam
988 1296 1085 1339 auctor
1103 1289 1233 1341 oraculo-

261 1401 321 1437 rum
339 1385 426 1440 XIII.
446 1396 473 1438 et
491 1386 574 1441 XIV.
594 1386 622 1437 in
641 1385 752 1438 Jesaiae
769 1384 854 1449 libro,
874 1385 922 1451 qui
943 1402 1004 1439 cum
1028 1389 1109 1456 regni
1136 1391 1233 1460 Baby-

175 1511 176 1515 *
260 1488 346 1541 ionici
367 1505 431 1541 casu
450 1490 563 1542 eandem
581 1487 676 1540 habuit
693 1496 810 1540 aetatem
828 1496 856 1540 et
874 1489 1090 1544 eventumillud
1106 1493 1232 1546 celebra-

260 1592 311 1656 vit,
331 1593 365 1644 de
383 1591 451 1645 solis
469 1592 584 1646 Medis
613 1591 726 1655 cecinit,
751 1589 793 1643 sic
815 1589 843 1644 in
870 1592 984 1644 oraculo
1011 1595 1053 1668 5.¹’
1079 1613 1105 1648 v.
1127 1601 1231 1661 11.28‚

260 1695 335 1762 quod
353 1694 490 1749 Jeremiae
509 1695 578 1748 salso
597 1693 718 1746 adscribi
737 1694 817 1758 solet,
837 1693 938 1746 Medi
955 1694 1133 1766 Babyloniae
1152 1716 1232 1752 ever·

258 1813 339 1852 sores
357 1798 539 1866 appellantur,
558 1795 639 1850 (lons.
658 1814 681 1850 c.
701 1799 744 1861 50,
761 1801 786 1853 3.
805 1799 831 1861 9,
849 1799 895 1851 tt.
920 1795 1043 1850 Eandem
1062 1798 1151 1866 igitur
1168 1817 1231 1854 sen·

259 1899 371 1955 tentiam
389 1899 531 1970 expressit
548 1899 629 1953 etiam
639 1899 843 1968 Megasthenes,
861 1908 917 1966 aut,
935 1901 985 1968 qui
1002 1901 1156 1969 exscripto
1172 1907 1231 1971 ejus

258 2006 398 2070 hauserat,
416 2004 573 2074 Abydenus
589 2039 598 2069 ,
616 2002 690 2070 apud
708 2001 862 2056 Eusebium
880 2002 910 2056 in
927 2003 1030 2072 Praep.
1050 2020 1092 2058 ev.
1111 2006 1166 2060 IV.
1186 2010 1230 2073 tl,

257 2125 341 2175 quum
365 2106 489 2174 loquitur
516 2107 551 2160 de
576 2105 681 2171 Medo,
709 2104 758 2173 qui
777 2121 837 2159 curn
856 2105 945 2162 Persa
972 2108 1091 2176 quodam
1110 2112 1231 2185 (Περσης

249 2208 381 2282 Ιἧμιονος)
407 2211 433 2264 lr.
453 2227 477 2263 e.
495 2227 557 2263 cum
582 2210 670 2280 Cyro,
702 2209 904 2264 Chaldaeorum
926 2229 1042 2282 regnum
1060 2213 1097 2267 sit
1115 2232 1230 2270 eversu-

256 2332 323 2382 rus;
341 2316 395 2369 boc
413 2313 495 2379 enim,
515 2321 575 2365 utut
592 2311 626 2367 de
644 2313 791 2367 commenti
807 2323 921 2368 auctore
932 2310 1046 2381 censes,
1067 2318 1145 2370 omni
1165 2321 1229 2385 jure

255 2419 322 2472 inde
340 2415 436 2484 colligi
455 2417 545 2481 debet,
563 2415 664 2469 Medos
682 2414 729 2469 hic
757 2426 893 2485 tamquam
911 2420 1046 2487 populum
1064 2420 1229 2487 primarium

256 2521 419 2590 significari.
463 2520 509 2574 nd
534 2529 689 2573 extremum
714 2536 782 2573 vero
808 2519 863 2573 hoc
888 2522 1053 2581 monendum
1078 2533 1139 2591 est,
1155 2526 1227 2579 nihil

250 2623 370 2679 edicere
387 2622 509 2687 omnino,
528 2621 552 2675 si
570 2621 732 2688 diligentius
742 2621 977 2689 animadverteris,
987 2643 1036 2678 eos
1054 2624 1083 2680 S.
1095 2625 1125 2678 S.
1140 2628 1222 2690 locos,

256 2727 304 2791 qui
323 2725 413 2792 primo
432 2723 543 2789 quidem
569 2723 666 2774 obtutu
692 2731 814 2786 nostrae,
833 2739 914 2790 quam
932 2723 1146 2794 explicavimus,
1165 2745 1228 2783 sen·

255 2827 357 2882 tentiae
375 2825 512 2894 refragari
534 2824 688 2879 videantur.
732 2824 843 2879 Etenim
861 2824 891 2879 in
908 2827 971 2879 loco
990 2828 1120 2884 Danielis
1137 2835 1165 2896 8,
1184 2836 1228 2898 23,

255 2931 304 2985 ubi
321 2930 404 2996 aries
423 2930 531 2984 duobus
556 2928 706 2982 instructus
729 2926 870 2994 cornibus,
896 2938 960 2982 ante
977 2933 1144 3000 prophetam
1162 2952 1228 2989 ver-

253 3043 339 3102 satur,
359 3051 476 3102 quorum
493 3033 619 3098 alterum,
638 3031 713 3098 quod
723 3030 873 3084 Persarum
891 3049 1006 3100 regnum
1025 3048 1226 3106 repraesentat,

253 3138 337 3192 altius
364 3139 475 3206 quidem
501 3138 599 3199 altero,
626 3132 755 3187 nimirum
778 3133 925 3187 Medorum
955 3153 1054 3206 regno,
1081 3141 1224 3208 posterius

253 3251 344 3298 tamen
370 3240 529 3307 succrescit,
554 3237 720 3307 prophetam
745 3235 808 3304 ipso
826 3236 935 3292 demum
961 3258 995 3294 eo
1022 3251 1155 3312 tempore,
1173 3243 1224 3298 ubi

253 3346 309 3400 duo
336 3347 385 3399 illa
410 3361 505 3414 regna,
533 3350 561 3396 ct
583 3341 734 3395 Persarum
759 3349 786 3394 et
810 3340 977 3408 Medorum,
993 3345 1050 3410 jam
1075 3351 1225 3415 conjuncta

254 3460 354 3515 esseut,
373 3450 449 3503 illam
466 3445 663 3502 revelationem
682 3460 713 3497 se
730 3442 873 3513 accepisse
890 3443 998 3514 fingere
1014 3447 1069 3502 sibi
1089 3449 1225 3520 voluisse,

254 3554 355 3619 cuique
373 3563 456 3620 patet.
491 3552 562 3605 Turn
580 3549 653 3602 idem
677 3554 775 3601 auctor
792 3563 816 3600 c.
834 3549 861 3614 5,
879 3551 923 3616 28,
943 3566 1000 3616 quo
1017 3551 1225 3609 Chaldaeorum

251 3672 367 3723 reguum
384 3658 479 3711 Media
497 3663 523 3709 et
542 3654 639 3712 Persis
658 3650 786 3704 traditum
804 3668 866 3707 esse
883 3654 1063 3722 perhibetur,
1080 3654 1136 3710 nisi
1156 3666 1225 3711 tem-

250 3776 323 3827 pora
341 3777 378 3813 ex
396 3760 617 3814 Anachronismo
636 3754 757 3824 quodam
774 3754 846 3808 male
864 3756 1031 3825 confuderit,
1049 3767 1077 3812 at
1095 3760 1131 3814 de
1149 3761 1225 3815 Per-

249 3861 290 3916 sis
314 3873 449 3931 tamqnam
476 3858 567 3935 copiis
596 3851 783 3916 auxiliaribus
807 3857 955 3912 Medorum
987 3861 1138 3931 cogitavit3
1167 3872 1225 3918 tum

250 3964 326 4022 idem
342 3968 417 4024 cadit
435 3967 464 4024 in
482 3969 560 4025 locos
595 3986 620 4028 c,
638 3971 666 4035 6,
684 3981 727 4020 vv.
746 3972 763 4027 9
781 3969 809 4017 et
826 3965 871 4034 16,
886 3961 916 4017 in
933 3962 1035 4033 quihus
1052 3963 1088 4020 tle
1108 3965 1223 4035 legibus
