2626 4906
252 568 341 679 ¹nn

263 755 461 874 leguntur,
487 777 529 846 et
552 769 700 846 literali
724 796 837 847 sensu
863 778 904 846 et
929 769 1121 870 spirituali
1135 770 1240 847 acci-

265 911 408 1012 pienda
431 934 513 984 esse
536 909 634 983 dicit
655 921 791 1008 (τὰμὲν
813 917 867 1000 ὡς,
891 918 1022 1012 εἴρηται
1043 921 1238 1010 ε’κληποέον,

266 1060 310 1128 τὰ
341 1059 378 1128 δὲ
412 1055 613 1137 &navarriae
643 1064 714 1138 τοῖς
744 1058 908 1145 κειμένοις
937 1096 975 1108 -
1012 1098 1050 1110 -
1084 1046 1168 1120 sive
1196 1046 1240 1120 in

193 1178 195 1183 .
268 1183 601 1280 subsequentibus:
647 1196 690 1264 τὰ
723 1195 760 1264 δὲ
800 1194 885 1262 κατὰ
922 1197 1042 1284 διπλῆν
1075 1194 1239 1284 ἐκδοχὴν).

268 1323 396 1419 Atque
432 1321 593 1394 eandem
628 1320 854 1403 sententiam
890 1331 1022 1392 tuetur
1056 1319 1242 1393 Theodo-

269 1469 388 1551 retuS,
415 1457 483 1555 qui
510 1458 559 1530 de
587 1457 740 1557 occulta
759 1468 800 1531 et
819 1457 947 1530 abdita
968 1456 1131 1554 quadam
1150 1483 1242 1530 ver-

269 1597 407 1670 berum
433 1593 712 1692 significatione
739 1612 853 1692 saepe
888 1594 1063 1690 loquitur
1097 1593 1157 1684 (in
1183 1619 1241 1691 ps,

270 1733 333 1826 33,
352 1732 387 1807 9.
409 1738 427 1810 ὅ
451 1743 488 1812 δὲ
510 1768 545 1831 με
568 1741 602 1811 ἒν
622 1745 670 1832 τῷ
691 1738 795 1829 βάθει
816 1746 857 1809 οὔ
879 1738 1073 1833 γράμματος
1093 1739 1243 1834 κρυπτό-

270 1906 369 1967 μενος
390 1884 458 1960 οῦς.
485 1867 530 1942 Τ.
545 1867 573 1942 I.
593 1868 628 1941 2.
647 1893 686 1965 p.
704 1867 797 1961 815)
825 1878 940 1966 atque
959 1866 1050 1941 alias
1068 1868 1243 1941 umbram

272 2005 462 2079 occultari
501 2031 669 2102 corpore
705 2007 878 2079 declarat
920 2006 987 2096 (ad
1024 2005 1169 2081 Habac.
1206 2006 1241 2082 3.

272 2143 319 2217 Π.
340 2144 374 2216 2.
398 2142 507 2217 1559.
530 2151 551 2244 ἢ
575 2152 652 2224 unia
673 2152 742 2224 ὑπὸ
763 2159 805 2223 aa}
828 2151 982 2240 σιομάτος
997 2130 1242 2245 καλυφθὲίση),

275 2280 450 2377 adeoque
485 2273 665 2377 pluribus
705 2280 747 2353 in
784 2280 879 2353 locis
920 2279 1119 2377 duplicem
1155 2305 1243 2353 ver-

274 2416 411 2489 borum
437 2441 587 2490 sensum
613 2442 752 2490 revera
778 2416 1031 2513 significatum
1058 2442 1142 2490 esse
1168 2442 1244 2491 ma·

275 2553 414 2627 niseste
447 2554 578 2626 statuit
612 2555 680 2644 (ad
705 2578 760 2651 ps.
788 2552 848 2628 28.
875 2552 903 2626 Ι.
931 2555 966 2627 2.
994 2552 1085 2629 778:
1122 2567 1244 2655 διπλῆν

250 2704 314 2771 ’δὲ
336 2690 427 2788 ὅμως
448 2699 515 2786 ἐμοι
536 2689 594 2791 Ιτὴν
615 2698 834 2793 προφητείαν.
861 2691 909 2763 ad
934 2716 990 2788 ps.
1020 2693 1080 2783 13,
1103 2691 1139 2770 7.
1192 2693 1243 2765 ib.

276 2853 314 2926 p.
342 2827 428 2903 684.
457 2828 505 2900 ad
531 2827 599 2902 Eu.
625 2827 690 2921 34,
718 2828 777 2902 ll.
807 2828 865 2903 12.
892 2827 939 2902 ΙΙ.
960 2830 995 2904 2.
1014 2830 1118 2924 966).
1163 2829 1248 2905 Jam

278 2989 325 3037 eo
344 2964 458 3038 etiam
472 2965 707 3063 interpretes
722 2965 782 3039 illi
796 2964 1000 3064 politiores
1013 2990 1100 3038 cum
1114 2979 1246 3040 nostru

278 3102 536 3196 conveniunt,
576 3104 698 3225 quod·
721 3114 889 3199 uterque
931 3103 1164 3201 prophetica
1208 3115 1248 3178 et

251 3273 253 3278 ·
277 3238 460 3312 historica
486 3265 602 3338 saepe
624 3265 830 3338 perperam
854 3240 1066 3316 confundit.
1110 3242 1249 3322 Quam·

279 3376 456 3474 quamde
473 3376 545 3449 hac
561 3402 605 3449 re
618 3379 695 3474 jam
708 3403 823 3474 supra
840 3377 985 3451 dictum
1006 3388 1064 3451 est
1080 3378 1135 3476 (p.
1155 3377 1248 3474 167)

277 3514 427 3587 Verum
442 3513 640 3587 enimvero
660 3515 735 3586 hoc
752 3515 968 3608 discedunt,
992 3516 1109 3612 quod,
1132 3541 1250 3612 quum

278 3650 516 3748 Ephraemus
536 3651 577 3724 in
598 3650 748 3724 insulsis
768 3653 1032 3750 contortisque
1052 3653 1249 3752 allegoriis

280 3813 428 3861 omnem
449 3813 564 3884 saepe
585 3789 739 3862 modum
762 3790 936 3883 excedat,
963 3791 1248 3882 Theodoretus,

279 3923 322 3998 id
350 3926 454 4024 quod
481 3924 586 3998 idem
612 3925 717 3999 valet
751 3927 801 4000 de
829 3953 897 4023 eo,
937 3926 1006 4026 qui
1044 3929 1249 4005 antecessit
