2626 4906
169 605 221 684 30

170 837 255 888 esse
298 832 524 884 sermonem.
601 809 716 886 Hanc
762 836 860 886 vero
904 811 1148 890 tudaeorum

79 979 88 998 ·
169 945 394 1049 opinionem
433 945 567 1023 multis
618 947 897 1024 demonstravit
943 950 1147 1052 Hierony·

168 1110 251 1160 mus
275 1085 330 1179 ⁴⁹).
361 1129 415 1142 ·-
446 1083 542 1158 Dan.
569 1081 607 1179 4,
634 1083 684 1161 14
709 1084 842 1184 ponit,
880 1087 947 1162 vel
967 1087 1146 1164 *Evilme-

169 1221 382 1296 rodachum
406 1221 474 1296 vel
511 1245 673 1299 uxorem
696 1223 1037 1300 Nebucadnezaris
1068 1250 1147 1326 per

169 1353 321 1459 septem
355 1366 541 1436 annorum
573 1360 736 1461 spatium
770 1387 848 1460 quo
880 1387 952 1436 rer
975 1363 1147 1464 Babylo-

168 1495 255 1572 nius
281 1521 303 1572 a
327 1499 483 1574 vesania
508 1509 714 1597 correptus
740 1509 852 1594 esset,
881 1523 1005 1600 regno
1030 1526 1148 1601 prae·

167 1635 305 1730 luisse,
343 1636 663 1736 quemadmodum
692 1635 834 1712 ludaei
858 1637 1046 1737 imprimis
1070 1663 1146 1739 pu-

166 1783 300 1848 'tarunt
317 1775 371 1868 ⁵⁰).
402 1786 404 1790 ’
542 1746 547 1760 ’

219 2016 265 2078 tn)
284 2013 474 2084 Hieronymus
491 2011 521 2066 in
539 2014 613 2083 Opp.
632 2012 675 2067 ed.
694 2011 897 2086 Martianay
914 2012 948 2068 T.
967 2011 1023 2069 ΙΙΙ.
1043 2030 1073 2083 p.
1090 2017 1145 2073 9⁰0

168 2115 204 2170 ad
221 2116 326 2170 Ezech.
345 2115 364 2170 l.
382 2115 417 2169 l.:
444 2114 565 2181 „Solent
588 2114 711 2168 Hebraei
735 2114 810 2168 inter
827 2125 933 2170 ceteras
951 2115 1059 2171 fabulas
1077 2133 1145 2172 suas

168 2227 197 2274 et
214 2219 393 2287 genealogias
410 2225 493 2285 atque
511 2217 730 2271 interminabiles
754 2218 944 2285 quaestiones,
962 2220 1032 2274 baec
1045 2230 1145 2276 contra

166 2320 268 2378 Hiram
285 2339 380 2391 regem
397 2320 470 2392 Tyri
487 2320 562 2374 dicta
578 2319 752 2393 intelligere,
782 2337 867 2388 quum
892 2337 909 2376 a
927 2321 1078 2377 Salomone
1093 2340 1143 2379 ns·

167 2443 225 2495 que
249 2425 286 2479 ad
307 2424 486 2480 Ezechielem
511 2422 578 2478 anni
602 2432 666 2478 sunt
691 2423 821 2492 plurimi,
852 2441 924 2493 quos
951 2440 986 2480 eo
1016 2435 1144 2496 tempore

168 2531 294 2585 homines
314 2546 370 2584 non
387 2527 503 2595 vixisse,
529 2526 708 2598 perspicuum
726 2527 798 2582 est.“
827 2560 862 2573 -
888 2528 993 2582 Paucis
1010 2546 1079 2584 vero
1097 2530 1143 2585 in·

168 2634 291 2703 terjectis
309 2633 351 2687 sic
367 2631 475 2702 pergit:
500 2629 692 2698 „Adduntque
709 2630 819 2684 fabulae
836 2647 903 2685 suae
920 2630 1093 2700 miraculum,
1111 2640 1144 2689 ut

167 2747 264 2793 contra
285 2735 466 2806 scripturam,
478 2734 561 2788 immo
582 2733 643 2787 sine
661 2732 815 2804 scripturae
832 2735 1010 2803 auctoritate,
1037 2736 1142 2804 dicant,

167 2841 266 2897 Hiram
283 2840 360 2895 mille
377 2837 486 2895 vixisse
502 2837 591 2891 annis
643 2835 752 2894 Verum
768 2837 838 2891 baec
865 2854 946 2905 quam
959 2839 1088 2893 ¹violenta
1103 2839 1143 2895 sit

166 2943 376 3014 interpretatio,
402 2942 509 3011 absque
534 2950 631 2996 nostro
655 2939 764 3010 judicio
787 2941 911 3009 prudens
928 2942 1017 2998 lector
1034 2941 1142 2999 intelli·

167 3044 250 3119 girf‘·

160 3161 166 3171 ¹
218 3188 265 3253 50)
287 3186 418 3241 Priorem
440 3185 517 3241 illam
540 3184 710 3241 iudaeorum
732 3183 895 3240 sententiam
921 3183 1032 3254 aperuit
1055 3182 1141 3240 etiam

159 3289 370 3362 Hieronymus,
389 3299 431 3344 est
448 3289 521 3344 enim
538 3289 573 3343 ad
591 3289 649 3344 Jes.
661 3292 755 3354 1419.
775 3289 861 3357 (Opp.
869 3288 926 3343 111.
937 3288 1036 3357 p.llt)
1046 3287 1140 3343 italo·

162 3410 269 3461 ‚quensz
279 3393 419 3458 „Narrant
427 3394 549 3447 Hebraei
559 3391 749 3460 hujuscemodi
760 3392 895 3445 fabulam:
908 3391 1139 3458 Evilmerodocb

40 3517 43 3523 ·
162 3507 247 3581 patre
271 3512 322 3549 suo
340 3494 599 3551 Nabuchodonosor
616 3494 742 3561 vivente,
766 3512 818 3562 per
835 3504 941 3567 septem
959 3511 1046 3551 annos
1064 3495 1140 3550 inter

166 3599 279 3665 bestias,
298 3608 463 3681 regnaverat
480 3634 514 3644 -
524 3633 557 3643 -
568 3633 602 3643 -
620 3615 707 3666 usque
724 3600 759 3653 ad
776 3598 1014 3668 mortempatris“
1040 3598 1075 3653 cl.
1086 3598 1105 3653 J
1110 3614 1137 3654 o.

165 3701 185 3757 J
190 3701 287 3756 abnii
313 3702 433 3767 mittitete
448 3704 605 3772 &dialogis
628 3702 669 3757 11.
688 3707 712 3758 l.
730 3721 759 3775 p.
778 3706 839 3760 215.
863 3704 988 3757 Eandem
1006 3703 1138 3769 fabulam,

165 3805 191 3860 si
215 3805 284 3872 quid
308 3805 407 3872 video,
442 3808 550 3861 redolet
574 3806 880 3875 Septuagintavirorum
906 3805 936 3860 in
961 3804 1042 3860 cod:
1058 3805 1137 3861 chia.

166 3909 381 3964 additamentum
399 3911 494 3965 versui
511 3914 545 3967 28
569 3910 597 3963 in
616 3911 680 3963 loco
696 3911 767 3965 Dan.
785 3910 963 3983 adspersum,
998 3926 1055 3977 quo
1078 3925 1137 3963 vox

159 4013 203 4068 'de
219 4014 300 4069 coelo
317 4012 496 4082 descendeus,
513 4013 742 4070 Nebucadnezari
759 4014 829 4069 baec
845 4013 979 4070 minatur:
997 4011 1080 4089 ἑτέρῳ
1093 4012 1138 4067 tt-
