2626 4906
1040 589 1083 641 11

94 776 154 851 ita
191 769 315 871 plane
352 774 440 842 sunt
474 769 708 872 transcripta
734 775 776 846 et
810 780 975 874 cognata
1008 773 1083 853 hac

95 916 312 990 literarum
342 912 463 988 sorma
497 909 550 983 ita
582 909 884 1006 accuratissime,
919 912 952 990 si
987 913 1085 1015 quid

99 1053 240 1146 video,
266 1038 429 1146 servata,
454 1062 511 1146 ut,
538 1049 606 1148 qui
631 1049 673 1122 in
698 1050 878 1149 legendis
892 1050 944 1126 -iis
967 1077 1085 1153 erpe-

106 1189 288 1264 rientiam
304 1188 492 1287 quandam
505 1186 580 1262 sibi
592 1188 887 1284 comparaverit,
900 1215 1085 1288 nusquam

103 1326 233 1402 anxie·
256 1325 434 1402 haesitet.
499 1323 654 1400 Deinde
690 1326 842 1423 species
886 1340 928 1400 et
962 1328 1085 1402 forma

103 1467 211 1562 ejus,
249 1487 365 1563 quem
391 1461 635 1557 adumbravi,
668 1475 714 1538 ut
739 1448 957 1563 perfectior
983 1475 1085 1541 esset

103 1615 143 1676 et
172 1602 414 1701 expressior,
450 1600 642 1698 simulque
678 1625 742 1696 ea,
778 1626 879 1700 quae
911 1603 1085 1703 exposui,

103 1739 224 1838 magis
252 1739 363 1816 vobis
389 1739 664 1840 probarentur,
690 1739 826 1838 putavi
852 1740 948 1816 mihi
968 1740 1086 1815 susci-

105 1877 295 1975 piendum
319 1877 512 1969 laborem,
551 1876 689 1963 utilem
715 1876 915 1972 studiosis,
951 1902 1085 1977 magna

109 2014 375 2113 exemplorum
399 2013 459 2088 uti
485 2012 617 2111 copia,
649 2012 691 2087 in
717 2013 859 2112 quibus
884 2040 1010 2116 paene
1037 2017 1086 2090 ad
1179 2101 1188 2118 ι

104 2153 273 2227 verbum
307 2176 468 2226 necesse
502 2151 619 2225 habui
652 2152 844 2246 reddere,
885 2178 929 2227 ac
965 2154 1086 2228 verba

106 2287 217 2388 quasi
229 2313 291 2363 me
310 2313 562 2363 annumerare
581 2288 725 2362 lectori
742 2287 954 2364 existimavi
970 2314 1087 2389 opor-

109 2439 210 2519 tere,
233 2425 413 2524 quoniam
437 2425 478 2519 ii,
504 2424 571 2525 qui
591 2425 632 2499 in
653 2424 863 2524 Ephraemi
876 2427 1086 2526 Operibus,

105 2564 253 2637 Romae
279 2563 414 2656 editis,
454 2573 584 2662 partes
619 2563 881 2662 interpretum
906 2589 1087 2664 suscepe-
1201 2597 1203 2602 ·

103 2711 211 2795 rant,
250 2699 455 2775 sententiis
489 2699 628 2774 iisdem
660 2700 855 2775 dumtaxat
880 2711 1088 2778 converte·

103 2847 200 2912 runt
223 2861 356 2936 neque
381 2836 559 2911 ordinem
578 2838 748 2912 omnium
763 2838 974 2913 verborum
994 2839 1088 2915 vim·

105 3001 184 3073 que
212 2984 427 3049 servarunt.
489 2975 568 3048 Hic
600 2974 714 3049 labor
746 3001 852 3050 meus
886 2977 962 3050 hoc
989 3002 1088 3051 asse-

103 3123 272 3216 quetur,
297 3121 360 3204 ut,
394 3110 462 3210 qui
488 3110 747 3209 Ephraemum
772 3111 897 3208 ipsum
923 3113 1086 3209 loquen-

103 3260 189 3322 tem
215 3248 449 3342 audiverint,
475 3249 598 3322 multo
620 3247 835 3322 accuratius
850 3275 937 3323 eum
952 3249 1086 3350 cogni-

104 3397 191 3459 tum
216 3384 394 3460 habuisse
411 3387 675 3461 confiteantur.
730 3384 916 3462 Ceterum
933 3399 1085 3462 vestrae

104 3523 300 3598 voluntati
325 3522 486 3622 largitos
520 3548 603 3597 esse
629 3524 826 3616 videmur,
863 3526 969 3622 quod
1008 3550 1087 3597 non

101 3661 232 3735 solum
259 3685 305 3733 ea
330 3662 463 3753 verba,
489 3661 756 3758 inEphraemi
776 3660 1086 3759 scriptis'occur-

102 3797 249 3892 nentia,
263 3823 362 3894 quae
376 3797 417 3871 in
430 3797 585 3871 Lexicis
602 3799 772 3873 non'dum
787 3809 875 3871 sunt
887 3798 1086 3897 consigna-

100 3944 159 4028 ta,
185 3960 326 4010 verum
352 3934 467 4010 etiam
494 3960 551 4029 ea,
577 3960 676 4034 quac
703 3935 835 4034 paullo
861 3934 1086 4009 obscuriora
