<?xml version="1.0" encoding="UTF-8"?>
<!DOCTYPE html PUBLIC "-//W3C//DTD XHTML 1.0 Transitional//EN"
    "http://www.w3.org/TR/xhtml1/DTD/xhtml1-transitional.dtd">
<html xmlns="http://www.w3.org/1999/xhtml" xml:lang="en" lang="en">
 <head>
  <title>
</title>
<meta http-equiv="Content-Type" content="text/html;charset=utf-8" />
  <meta name='ocr-system' content='tesseract 3.04.00' />
  <meta name='ocr-capabilities' content='ocr_page ocr_carea ocr_par ocr_line ocrx_word'/>
</head>
<body>
  <div class='ocr_page' id='page_1' title='image "./deephraemisyria00lenggoog_0137.png"; bbox 0 0 2626 4906; ppageno 0'>
   <div class='ocr_carea' id='block_1_1' title="bbox 970 591 1122 716">
    <p class='ocr_par' dir='ltr' id='par_1_1' title="bbox 970 591 1122 716">
     <span class='ocr_line' id='line_1_1' title="bbox 970 591 1122 716; baseline 0 -46"><span class='ocrx_word' id='word_1_1' title='bbox 970 591 1045 671; x_wconf 87' lang='grc'>111</span> <span class='ocrx_word' id='word_1_2' title='bbox 1114 704 1122 716; x_wconf 14' lang='grc' dir='ltr'><em>θ</em></span> 
     </span>
    </p>
   </div>
   <div class='ocr_carea' id='block_1_2' title="bbox 74 788 1046 900">
    <p class='ocr_par' dir='ltr' id='par_1_2' title="bbox 74 788 1046 900">
     <span class='ocr_line' id='line_1_2' title="bbox 74 788 1046 900; baseline 0.007 -30"><span class='ocrx_word' id='word_1_3' title='bbox 74 795 199 897; x_wconf 82' lang='lat' dir='ltr'>igitur</span> <span class='ocrx_word' id='word_1_4' title='bbox 223 793 411 891; x_wconf 89' lang='lat' dir='ltr'>omnium,</span> <span class='ocrx_word' id='word_1_5' title='bbox 455 794 679 896; x_wconf 87' lang='lat' dir='ltr'>quicunque</span> <span class='ocrx_word' id='word_1_6' title='bbox 704 788 1046 900; x_wconf 57' lang='lat' dir='ltr'>interpretationes</span> 
     </span>
    </p>
   </div>
   <div class='ocr_carea' id='block_1_3' title="bbox 74 935 1047 1039">
    <p class='ocr_par' dir='ltr' id='par_1_3' title="bbox 74 935 1174 1039">
     <span class='ocr_line' id='line_1_3' title="bbox 74 935 1047 1039; baseline 0.005 -30"><span class='ocrx_word' id='word_1_7' title='bbox 74 935 332 1036; x_wconf 89' lang='lat' dir='ltr'>scripserunt,</span> <span class='ocrx_word' id='word_1_8' title='bbox 373 959 503 1033; x_wconf 90' lang='lat' dir='ltr'>neque</span> <span class='ocrx_word' id='word_1_9' title='bbox 540 935 642 1010; x_wconf 88' lang='lat' dir='ltr'>enim</span> <span class='ocrx_word' id='word_1_10' title='bbox 666 937 792 1012; x_wconf 89' lang='lat' dir='ltr'>habeo</span> <span class='ocrx_word' id='word_1_11' title='bbox 819 964 1047 1039; x_wconf 86' lang='lat' dir='ltr'>quemquam</span> 
     </span>
    </p>
   </div>
   <div class='ocr_carea' id='block_1_4' title="bbox 74 1071 1128 3524">
    <p class='ocr_par' dir='ltr' id='par_1_4' title="bbox 74 1071 1049 2546">
     <span class='ocr_line' id='line_1_4' title="bbox 75 1071 1048 1175; baseline 0.005 -28"><span class='ocrx_word' id='word_1_12' title='bbox 75 1072 344 1171; x_wconf 83' lang='lat' dir='ltr'>antiquiorem,</span> <span class='ocrx_word' id='word_1_13' title='bbox 370 1071 609 1171; x_wconf 81' lang='lat' dir='ltr'>Ephraemus</span> <span class='ocrx_word' id='word_1_14' title='bbox 634 1073 719 1167; x_wconf 88' lang='lat' dir='ltr'>fuit,</span> <span class='ocrx_word' id='word_1_15' title='bbox 748 1074 817 1173; x_wconf 91' lang='lat' dir='ltr'>qui</span> <span class='ocrx_word' id='word_1_16' title='bbox 843 1078 926 1175; x_wconf 86' lang='lat' dir='ltr'>ejus</span> <span class='ocrx_word' id='word_1_17' title='bbox 951 1087 1048 1151; x_wconf 83' lang='lat' dir='ltr'>tem-</span> 
     </span>
     <span class='ocr_line' id='line_1_5' title="bbox 74 1208 1048 1311; baseline 0.006 -27"><span class='ocrx_word' id='word_1_18' title='bbox 74 1210 183 1310; x_wconf 89' lang='lat' dir='ltr'>poris</span> <span class='ocrx_word' id='word_1_19' title='bbox 191 1208 476 1310; x_wconf 89' lang='lat' dir='ltr'>interpretandi</span> <span class='ocrx_word' id='word_1_20' title='bbox 487 1235 673 1308; x_wconf 85' lang='lat' dir='ltr'>generum</span> <span class='ocrx_word' id='word_1_21' title='bbox 683 1212 853 1287; x_wconf 88' lang='lat' dir='ltr'>medium</span> <span class='ocrx_word' id='word_1_22' title='bbox 865 1214 1048 1311; x_wconf 88' lang='lat' dir='ltr'>quiddam</span> 
     </span>
     <span class='ocr_line' id='line_1_6' title="bbox 75 1348 1049 1449; baseline 0.006 -28"><span class='ocrx_word' id='word_1_23' title='bbox 75 1357 297 1422; x_wconf 85' lang='lat' dir='ltr'>constanter</span> <span class='ocrx_word' id='word_1_24' title='bbox 322 1348 508 1446; x_wconf 83' lang='lat' dir='ltr'>persequi</span> <span class='ocrx_word' id='word_1_25' title='bbox 540 1348 698 1425; x_wconf 88' lang='lat' dir='ltr'>studuit.</span> <span class='ocrx_word' id='word_1_26' title='bbox 754 1349 931 1449; x_wconf 83' lang='lat' dir='ltr'>Namque</span> <span class='ocrx_word' id='word_1_27' title='bbox 962 1351 1049 1426; x_wconf 85' lang='lat' dir='ltr'>ubi-</span> 
     </span>
     <span class='ocr_line' id='line_1_7' title="bbox 75 1485 1048 1586; baseline 0.007 -28"><span class='ocrx_word' id='word_1_28' title='bbox 75 1487 230 1583; x_wconf 84' lang='lat' dir='ltr'>cunque</span> <span class='ocrx_word' id='word_1_29' title='bbox 242 1485 430 1578; x_wconf 89' lang='lat' dir='ltr'>locorum,</span> <span class='ocrx_word' id='word_1_30' title='bbox 449 1485 481 1559; x_wconf 91' lang='lat' dir='ltr'>si</span> <span class='ocrx_word' id='word_1_31' title='bbox 496 1511 517 1558; x_wconf 85' lang='lat' dir='ltr'>a</span> <span class='ocrx_word' id='word_1_32' title='bbox 533 1485 803 1563; x_wconf 85' lang='lat' dir='ltr'>vaticiniorum</span> <span class='ocrx_word' id='word_1_33' title='bbox 821 1488 1048 1586; x_wconf 90' lang='lat' dir='ltr'>quibusdam</span> 
     </span>
     <span class='ocr_line' id='line_1_8' title="bbox 76 1621 1049 1725; baseline 0.006 -29"><span class='ocrx_word' id='word_1_34' title='bbox 76 1622 428 1721; x_wconf 82' lang='lat' dir='ltr'>explanationibus,</span> <span class='ocrx_word' id='word_1_35' title='bbox 462 1621 505 1696; x_wconf 92' lang='lat' dir='ltr'>in</span> <span class='ocrx_word' id='word_1_36' title='bbox 539 1623 678 1721; x_wconf 89' lang='lat' dir='ltr'>quibus</span> <span class='ocrx_word' id='word_1_37' title='bbox 713 1649 762 1698; x_wconf 87' lang='lat' dir='ltr'>er</span> <span class='ocrx_word' id='word_1_38' title='bbox 794 1636 906 1725; x_wconf 88' lang='lat' dir='ltr'>parte</span> <span class='ocrx_word' id='word_1_39' title='bbox 934 1626 1049 1702; x_wconf 89' lang='lat' dir='ltr'>etiam</span> 
     </span>
     <span class='ocr_line' id='line_1_9' title="bbox 75 1758 1048 1860; baseline 0.005 -28"><span class='ocrx_word' id='word_1_40' title='bbox 75 1761 174 1834; x_wconf 91' lang='lat' dir='ltr'>male</span> <span class='ocrx_word' id='word_1_41' title='bbox 188 1758 368 1859; x_wconf 86' lang='lat' dir='ltr'>deliquit,</span> <span class='ocrx_word' id='word_1_42' title='bbox 382 1760 616 1855; x_wconf 87' lang='lat' dir='ltr'>discesseris,</span> <span class='ocrx_word' id='word_1_43' title='bbox 632 1761 831 1860; x_wconf 83' lang='lat' dir='ltr'>duplicem</span> <span class='ocrx_word' id='word_1_44' title='bbox 844 1763 1048 1860; x_wconf 90' lang='lat' dir='ltr'>quendam,</span> 
     </span>
     <span class='ocr_line' id='line_1_10' title="bbox 76 1895 1048 1996; baseline 0.005 -26"><span class='ocrx_word' id='word_1_45' title='bbox 76 1906 117 1971; x_wconf 90' lang='lat' dir='ltr'>et</span> <span class='ocrx_word' id='word_1_46' title='bbox 147 1896 342 1971; x_wconf 87' lang='lat' dir='ltr'>literalem</span> <span class='ocrx_word' id='word_1_47' title='bbox 376 1905 416 1970; x_wconf 91' lang='lat' dir='ltr'>et</span> <span class='ocrx_word' id='word_1_48' title='bbox 450 1895 691 1996; x_wconf 90' lang='lat' dir='ltr'>spiritualem</span> <span class='ocrx_word' id='word_1_49' title='bbox 726 1923 877 1973; x_wconf 87' lang='lat' dir='ltr'>sensum</span> <span class='ocrx_word' id='word_1_50' title='bbox 916 1901 1048 1975; x_wconf 84' lang='lat' dir='ltr'>verbis</span> 
     </span>
     <span class='ocr_line' id='line_1_11' title="bbox 76 2033 1048 2136; baseline 0.005 -29"><span class='ocrx_word' id='word_1_51' title='bbox 76 2033 199 2107; x_wconf 79' lang='lat' dir='ltr'>sacris·</span> <span class='ocrx_word' id='word_1_52' title='bbox 232 2034 357 2108; x_wconf 86' lang='lat' dir='ltr'>inesse</span> <span class='ocrx_word' id='word_1_53' title='bbox 398 2034 606 2108; x_wconf 86' lang='lat' dir='ltr'>arbitratus</span> <span class='ocrx_word' id='word_1_54' title='bbox 650 2046 717 2113; x_wconf 89' lang='lat' dir='ltr'>est.</span> <span class='ocrx_word' id='word_1_55' title='bbox 780 2037 865 2117; x_wconf 77' lang='lat' dir='ltr'>Qua</span> <span class='ocrx_word' id='word_1_56' title='bbox 901 2063 947 2111; x_wconf 88' lang='lat' dir='ltr'>re</span> <span class='ocrx_word' id='word_1_57' title='bbox 980 2038 1048 2136; x_wconf 93' lang='lat' dir='ltr'>qui</span> 
     </span>
     <span class='ocr_line' id='line_1_12' title="bbox 75 2170 1049 2270; baseline 0.004 -25"><span class='ocrx_word' id='word_1_58' title='bbox 75 2171 242 2270; x_wconf 92' lang='lat' dir='ltr'>primum</span> <span class='ocrx_word' id='word_1_59' title='bbox 276 2170 398 2244; x_wconf 88' lang='lat' dir='ltr'>fuerit</span> <span class='ocrx_word' id='word_1_60' title='bbox 436 2172 519 2267; x_wconf 80' lang='lat' dir='ltr'>ejus</span> <span class='ocrx_word' id='word_1_61' title='bbox 551 2171 707 2270; x_wconf 80' lang='lat' dir='ltr'>generis</span> <span class='ocrx_word' id='word_1_62' title='bbox 741 2173 916 2269; x_wconf 87' lang='lat' dir='ltr'>antistes,</span> <span class='ocrx_word' id='word_1_63' title='bbox 960 2175 1049 2249; x_wconf 85' lang='lat' dir='ltr'>dili-</span> 
     </span>
     <span class='ocr_line' id='line_1_13' title="bbox 76 2293 1046 2410; baseline 0.003 -28"><span class='ocrx_word' id='word_1_64' title='bbox 76 2307 231 2407; x_wconf 86' lang='lat' dir='ltr'>gentius</span> <span class='ocrx_word' id='word_1_65' title='bbox 245 2308 438 2406; x_wconf 88' lang='lat' dir='ltr'>aliquanto</span> <span class='ocrx_word' id='word_1_66' title='bbox 452 2293 724 2406; x_wconf 70' lang='lat' dir='ltr'>consideretur</span> <span class='ocrx_word' id='word_1_67' title='bbox 738 2309 1046 2410; x_wconf 86' lang='lat' dir='ltr'>informeturque</span> 
     </span>
     <span class='ocr_line' id='line_1_14' title="bbox 77 2445 313 2546; baseline 0 -26"><span class='ocrx_word' id='word_1_68' title='bbox 77 2445 218 2546; x_wconf 84' lang='lat' dir='ltr'>dignus</span> <span class='ocrx_word' id='word_1_69' title='bbox 245 2455 313 2520; x_wconf 86' lang='lat' dir='ltr'>est.</span> 
     </span>
    </p>

    <p class='ocr_par' dir='ltr' id='par_1_5' title="bbox 75 2568 1128 3524">
     <span class='ocr_line' id='line_1_15' title="bbox 152 2568 1047 2686; baseline 0.002 -28"><span class='ocrx_word' id='word_1_70' title='bbox 152 2568 358 2659; x_wconf 65' lang='lat' dir='ltr'>accusant</span> <span class='ocrx_word' id='word_1_71' title='bbox 392 2582 514 2684; x_wconf 85' lang='lat' dir='ltr'>igitur</span> <span class='ocrx_word' id='word_1_72' title='bbox 547 2584 690 2686; x_wconf 89' lang='lat' dir='ltr'>impiae</span> <span class='ocrx_word' id='word_1_73' title='bbox 726 2586 907 2661; x_wconf 87' lang='lat' dir='ltr'>audaciae</span> <span class='ocrx_word' id='word_1_74' title='bbox 941 2585 1047 2661; x_wconf 76' lang='lat' dir='ltr'>Alle-</span> 
     </span>
     <span class='ocr_line' id='line_1_16' title="bbox 76 2721 1128 2822; baseline 0.003 -26"><span class='ocrx_word' id='word_1_75' title='bbox 76 2721 262 2822; x_wconf 86' lang='lat' dir='ltr'>goristas,</span> <span class='ocrx_word' id='word_1_76' title='bbox 300 2721 369 2820; x_wconf 88' lang='lat' dir='ltr'>qui</span> <span class='ocrx_word' id='word_1_77' title='bbox 393 2722 557 2797; x_wconf 87' lang='lat' dir='ltr'>literalis</span> <span class='ocrx_word' id='word_1_78' title='bbox 582 2749 713 2798; x_wconf 84' lang='lat' dir='ltr'>sensus</span> <span class='ocrx_word' id='word_1_79' title='bbox 738 2724 943 2799; x_wconf 88' lang='lat' dir='ltr'>veritatem</span> <span class='ocrx_word' id='word_1_80' title='bbox 969 2749 1049 2799; x_wconf 88' lang='lat' dir='ltr'>sae-</span> <span class='ocrx_word' id='word_1_81' title='bbox 1126 2782 1128 2786; x_wconf 57' lang='grc'><em>»</em></span> 
     </span>
     <span class='ocr_line' id='line_1_17' title="bbox 76 2860 1049 2965; baseline 0.003 -32"><span class='ocrx_word' id='word_1_82' title='bbox 76 2884 291 2959; x_wconf 88' lang='lat' dir='ltr'>penumero</span> <span class='ocrx_word' id='word_1_83' title='bbox 317 2869 521 2965; x_wconf 83' lang='lat' dir='ltr'>negarunt,</span> <span class='ocrx_word' id='word_1_84' title='bbox 557 2860 590 2933; x_wconf 91' lang='lat' dir='ltr'>si</span> <span class='ocrx_word' id='word_1_85' title='bbox 615 2861 657 2935; x_wconf 92' lang='lat' dir='ltr'>in</span> <span class='ocrx_word' id='word_1_86' title='bbox 675 2861 967 2937; x_wconf 87' lang='lat' dir='ltr'>Commentariis</span> <span class='ocrx_word' id='word_1_87' title='bbox 988 2862 1049 2936; x_wconf 87' lang='lat' dir='ltr'>his</span> 
     </span>
     <span class='ocr_line' id='line_1_18' title="bbox 75 2995 1049 3105; baseline 0.01 -35"><span class='ocrx_word' id='word_1_88' title='bbox 75 2995 169 3096; x_wconf 88' lang='lat' dir='ltr'>ipsis</span> <span class='ocrx_word' id='word_1_89' title='bbox 205 2995 337 3073; x_wconf 89' lang='lat' dir='ltr'>verbis</span> <span class='ocrx_word' id='word_1_90' title='bbox 378 3006 435 3076; x_wconf 85' lang='lat' dir='ltr'>est</span> <span class='ocrx_word' id='word_1_91' title='bbox 459 2997 639 3095; x_wconf 85' lang='lat' dir='ltr'>loquens:</span> <span class='ocrx_word' id='word_1_92' title='bbox 668 3027 748 3090; x_wconf 60' lang='lat' dir='ltr'>naq-1</span> <span class='ocrx_word' id='word_1_93' title='bbox 770 3017 854 3092; x_wconf 59' lang='grc'><strong>11111</strong></span> <span class='ocrx_word' id='word_1_94' title='bbox 869 3015 931 3080; x_wconf 67' lang='lat' dir='ltr'>darc</span> <span class='ocrx_word' id='word_1_95' title='bbox 946 3028 996 3101; x_wconf 63' lang='lat' dir='ltr'>pr</span> <span class='ocrx_word' id='word_1_96' title='bbox 1007 3012 1049 3105; x_wconf 58' lang='lat' dir='ltr'>a}</span> 
     </span>
     <span class='ocr_line' id='line_1_19' title="bbox 76 3135 1050 3228; baseline -0.006 -14"><span class='ocrx_word' id='word_1_97' title='bbox 76 3150 201 3228; x_wconf 58' lang='lat' dir='ltr'>sagina</span> <span class='ocrx_word' id='word_1_98' title='bbox 228 3164 303 3227; x_wconf 63' lang='lat' dir='ltr'>aar}</span> <span class='ocrx_word' id='word_1_99' title='bbox 331 3150 445 3228; x_wconf 62' lang='lat' dir='ltr'>noina,</span> <span class='ocrx_word' id='word_1_100' title='bbox 473 3150 580 3227; x_wconf 59' lang='lat' dir='ltr'>nahra</span> <span class='ocrx_word' id='word_1_101' title='bbox 618 3135 656 3208; x_wconf 91' lang='lat' dir='ltr'>h.</span> <span class='ocrx_word' id='word_1_102' title='bbox 690 3161 725 3212; x_wconf 88' lang='lat' dir='ltr'>e.</span> <span class='ocrx_word' id='word_1_103' title='bbox 757 3158 856 3208; x_wconf 80' lang='lat' dir='ltr'>nemo</span> <span class='ocrx_word' id='word_1_104' title='bbox 889 3158 989 3211; x_wconf 83' lang='lat' dir='ltr'>vero.</span> <span class='ocrx_word' id='word_1_105' title='bbox 1010 3136 1050 3209; x_wconf 83' lang='lat' dir='ltr'>ia</span> 
     </span>
     <span class='ocr_line' id='line_1_20' title="bbox 75 3269 1049 3377; baseline 0.002 -33"><span class='ocrx_word' id='word_1_106' title='bbox 75 3269 226 3375; x_wconf 78' lang='lat' dir='ltr'>opificio</span> <span class='ocrx_word' id='word_1_107' title='bbox 258 3296 326 3346; x_wconf 76' lang='lat' dir='ltr'>sea·</span> <span class='ocrx_word' id='word_1_108' title='bbox 355 3271 495 3346; x_wconf 81' lang='lat' dir='ltr'>dierum</span> <span class='ocrx_word' id='word_1_109' title='bbox 519 3271 746 3370; x_wconf 76' lang='lat' dir='ltr'>allegoricae</span> <span class='ocrx_word' id='word_1_110' title='bbox 769 3272 1049 3377; x_wconf 76' lang='lat' dir='ltr'>interpretatio-</span> 
     </span>
     <span class='ocr_line' id='line_1_21' title="bbox 75 3407 1048 3524; baseline 0.005 -42"><span class='ocrx_word' id='word_1_111' title='bbox 75 3431 142 3482; x_wconf 79' lang='lat' dir='ltr'>nes</span> <span class='ocrx_word' id='word_1_112' title='bbox 166 3407 222 3503; x_wconf 62' lang='grc'>117)</span> <span class='ocrx_word' id='word_1_113' title='bbox 248 3409 476 3506; x_wconf 75' lang='lat' dir='ltr'>quaerendus</span> <span class='ocrx_word' id='word_1_114' title='bbox 493 3435 569 3491; x_wconf 79' lang='lat' dir='ltr'>esse</span> <span class='ocrx_word' id='word_1_115' title='bbox 580 3425 700 3524; x_wconf 75' lang='lat' dir='ltr'>putet.</span> <span class='ocrx_word' id='word_1_116' title='bbox 754 3410 903 3501; x_wconf 76' lang='lat' dir='ltr'>Quibus</span> <span class='ocrx_word' id='word_1_117' title='bbox 920 3419 1048 3487; x_wconf 90' lang='lat' dir='ltr'>tamen</span> 
     </span>
    </p>
   </div>
   <div class='ocr_carea' id='block_1_5' title="bbox 76 3568 327 3599">
    <p class='ocr_par' dir='ltr' id='par_1_6' title="bbox 76 3568 327 3599">
     <span class='ocr_line' id='line_1_22' title="bbox 76 3568 327 3599; baseline -0.004 -4"><span class='ocrx_word' id='word_1_118' title='bbox 76 3568 327 3599; x_wconf 43' lang='lat' dir='ltr'>—h—</span> 
     </span>
    </p>
   </div>
   <div class='ocr_carea' id='block_1_6' title="bbox 74 3657 1057 4064">
    <p class='ocr_par' dir='ltr' id='par_1_7' title="bbox 74 3657 1057 4064">
     <span class='ocr_line' id='line_1_23' title="bbox 128 3657 1050 3769; baseline -0.008 -28"><span class='ocrx_word' id='word_1_119' title='bbox 128 3687 197 3750; x_wconf 65' lang='lat'>177)</span> <span class='ocrx_word' id='word_1_120' title='bbox 211 3671 334 3748; x_wconf 49' lang='lat' dir='ltr'>illalum</span> <span class='ocrx_word' id='word_1_121' title='bbox 364 3683 507 3760; x_wconf 78' lang='lat' dir='ltr'>reddimus</span> <span class='ocrx_word' id='word_1_122' title='bbox 530 3657 595 3754; x_wconf 82' lang='lat' dir='ltr'>per¹</span> <span class='ocrx_word' id='word_1_123' title='bbox 614 3682 783 3759; x_wconf 67' lang='lat' dir='ltr'>allegoricas</span> <span class='ocrx_word' id='word_1_124' title='bbox 813 3684 1050 3769; x_wconf 54' lang='lat' dir='ltr'>interpretatione</span> 
     </span>
     <span class='ocr_line' id='line_1_24' title="bbox 75 3785 1057 3860; baseline -0.004 -18"><span class='ocrx_word' id='word_1_125' title='bbox 75 3804 169 3855; x_wconf 78' lang='lat' dir='ltr'>neque</span> <span class='ocrx_word' id='word_1_126' title='bbox 185 3805 244 3843; x_wconf 86' lang='lat' dir='ltr'>vox</span> <span class='ocrx_word' id='word_1_127' title='bbox 262 3788 318 3842; x_wconf 84' lang='lat' dir='ltr'>alia</span> <span class='ocrx_word' id='word_1_128' title='bbox 334 3787 506 3851; x_wconf 85' lang='lat' dir='ltr'>hieratione</span> <span class='ocrx_word' id='word_1_129' title='bbox 522 3787 662 3860; x_wconf 81' lang='lat' dir='ltr'>explicari</span> <span class='ocrx_word' id='word_1_130' title='bbox 678 3796 776 3856; x_wconf 82' lang='lat' dir='ltr'>potest</span> <span class='ocrx_word' id='word_1_131' title='bbox 812 3786 950 3843; x_wconf 85' lang='lat' dir='ltr'>Similiter</span> <span class='ocrx_word' id='word_1_132' title='bbox 966 3785 1057 3841; x_wconf 82' lang='lat' dir='ltr'>etiam.</span> 
     </span>
     <span class='ocr_line' id='line_1_25' title="bbox 74 3887 1049 3960; baseline -0.005 -14"><span class='ocrx_word' id='word_1_133' title='bbox 74 3893 193 3946; x_wconf 77' lang='lat' dir='ltr'>verbum</span> <span class='ocrx_word' id='word_1_134' title='bbox 210 3891 358 3947; x_wconf 77' lang='lat' dir='ltr'>adhibetur</span> <span class='ocrx_word' id='word_1_135' title='bbox 374 3891 409 3945; x_wconf 85' lang='lat' dir='ltr'>de</span> <span class='ocrx_word' id='word_1_136' title='bbox 426 3891 893 3960; x_wconf 68' lang='lat' dir='ltr'>interpretationibusscmtotorun,</span> <span class='ocrx_word' id='word_1_137' title='bbox 922 3889 972 3957; x_wconf 90' lang='lat' dir='ltr'>qui</span> <span class='ocrx_word' id='word_1_138' title='bbox 989 3887 1049 3958; x_wconf 86' lang='lat' dir='ltr'>spi·</span> 
     </span>
     <span class='ocr_line' id='line_1_26' title="bbox 74 3989 1049 4064; baseline -0.005 -14"><span class='ocrx_word' id='word_1_139' title='bbox 74 3991 148 4051; x_wconf 84' lang='lat' dir='ltr'>ritus</span> <span class='ocrx_word' id='word_1_140' title='bbox 165 3994 253 4051; x_wconf 83' lang='lat' dir='ltr'>sancti</span> <span class='ocrx_word' id='word_1_141' title='bbox 269 4004 402 4051; x_wconf 47' lang='lat' dir='ltr'>naturam,</span> <span class='ocrx_word' id='word_1_142' title='bbox 411 3993 581 4064; x_wconf 76' lang='lat' dir='ltr'>investigare</span> <span class='ocrx_word' id='word_1_143' title='bbox 596 3995 717 4060; x_wconf 71' lang='lat' dir='ltr'>studuit,</span> <span class='ocrx_word' id='word_1_144' title='bbox 732 4010 779 4064; x_wconf 86' lang='lat' dir='ltr'>ap.</span> <span class='ocrx_word' id='word_1_145' title='bbox 793 3989 1049 4062; x_wconf 71' lang='lat' dir='ltr'>sspnr.111.59.21³.</span> 
     </span>
    </p>
   </div>
   <div class='ocr_carea' id='block_1_7' title="bbox 0 0 1323 4906">
    <p class='ocr_par' dir='ltr' id='par_1_8' title="bbox 0 0 1323 4906">
     <span class='ocr_line' id='line_1_27' title="bbox 0 0 1323 4906; baseline 0 0"><span class='ocrx_word' id='word_1_146' title='bbox 0 0 1323 4906; x_wconf 95' lang='lat' dir='ltr'> </span> 
     </span>
    </p>
   </div>
  </div>
 </body>
</html>
