2626 4906
953 601 1026 679 191

48 808 306 884 'abhorruisse
337 832 468 905 neque
508 807 581 881 nisi
620 830 668 880 eo
702 815 906 905 respectu,
949 834 1026 907 quo

58 972 190 1021 omnes
229 946 271 1018 in
315 947 496 1020 Aramaea
539 944 681 1018 versati
730 946 896 1044 Origeni
943 973 1026 1021 sese

55 1094 304 1183 opponerent
330 1093 371 1155 et
396 1083 478 1155 sive
505 1081 621 1178 magis
640 1081 812 1155 minusve
835 1083 1026 1158 literalem

55 1222 272 1320 scripturae
293 1245 442 1292 sensum
464 1219 653 1308 colerent,
680 1218 917 1317 interpretes
938 1222 1026 1296 illos

53 1383 166 1458 posse
180 1357 404 1455 comparari.
443 1354 785 1430 Jam'tolerabilius
806 1367 874 1450 est,
895 1384 1025 1455 quem-

55 1495 258 1568 admodum
303 1493 399 1566 fecit
447 1491 733 1584 Ernesti11S‚
780 1492 830 1565 de
875 1494 1025 1571 Isidoro
1072 1588 1075 1593 ,

53 1631 250 1705 Pelusiota
289 1631 481 1728 cogitare,
528 1629 596 1746 qpi
635 1641 794 1728 praeter
832 1630 1025 1709 literalem

54 1794 215 1860 sensum,
235 1767 372 1839 insanis
394 1767 507 1841 etiam
527 1766 724 1864 allegoriis
737 1766 943 1843 indulserit
956 1772 1023 1864 ²⁵⁵).

55 1905 137 1979 Sed
170 1904 322 1998 videto,
361 1904 393 1976 si
420 1902 694 2002 Chrysostomo
723 1905 883 2002 ejusque
910 1907 1024 1982 disci-

53 2043 150 2141 pulo
176 2042 427 2114 Theodoreto
453 2053 625 2114 nostrum
652 2043 947 2139 comparaveris,
973 2070 1023 2119 ne

50 2182 155 2277 justo
174 2178 337 2251 ulterius
350 2176 625 2277 progrediaris.
667 2179 900 2275 Quamquam
923 2181 1025 2256 enim

55 2317 268 2391 similitudo
308 2316 494 2413 quaedam
532 2315 636 2388 inter
673 2325 879 2412 utrumque
915 2317 1025 2392 illum

56 2464 171 2550 atque
199 2453 304 2525 inter
330 2464 500 2525 nostrum
526 2451 655 2551 putari
675 2463 804 2550 potest
824 2453 1024 2547 interesse,
1086 2514 1090 2518 .

54 2602 181 2663 tamen
204 2615 252 2662 ex
274 2589 435 2662 adverso
455 2588 568 2663 etiam
592 2590 750 2663 multum
774 2615 854 2662 ase
876 2591 1025 2666 diversi

53 2729 223 2801 suerunt.
286 2726 455 2825 Propior
487 2726 639 2800 scilicet
677 2727 726 2800 ad
767 2752 832 2800 eos
864 2676 1072 2802 accessit*

53 2877 204 2955 noster,
243 2888 361 2959 quum
401 2862 618 2961 scripturae
657 2888 786 2936 sacrae
825 2865 1024 2962 duplicem

53 3000 246 3099 quendam
281 3025 449 3092 sensum,
479 2997 773 3097 quamplurimis
801 2999 958 3095 quidem
983 3002 1025 3076 in

53 3138 165 3232 locis,
178 3150 345 3243 uterque
361 3137 475 3211 etiam
493 3137 562 3210 ille
580 3136 705 3209 inesse
719 3137 941 3232 affirmaret;
968 3138 1023 3211 sic

54 3276 361 3377 chrysostomus,
389 3300 505 3372 quum
524 3274 565 3347 in
582 3273 753 3371 Prologo
774 3274 822 3346 ad
841 3275 1024 3373 psalmum

53 3413 181 3489 XLVI
196 3414 258 3504 (T.
277 3414 324 3488 V.
339 3440 377 3511 p.
396 3411 499 3505 188),
520 3437 622 3485 suam
636 3414 686 3486 de
708 3411 746 3488 S.
768 3412 806 3487 S.
830 3412 1024 3510 interpre-
1112 3394 1115 3398 ¹

54 3550 194 3624 tandae
216 3549 365 3623 ratione
381 3549 607 3623 sententiam
621 3549 836 3647 explanans,
851 3575 908 3644 ea,
925 3576 1024 3649 quae

108 3894 172 3954 255)
189 3851 380 3960 Hermssslgi
397 3861 606 3964 lliemeyeri
631 3890 830 3948 Commentatio
853 3906 938 3961 supra
963 3890 1022 3945 lau·

54 3994 122 4050 data
143 3995 179 4049 de
196 3995 308 4051 Isidoro
325 3994 469 4052 Pelusiota
485 4012 513 4063 p.
531 3998 592 4052 2⁰7.
609 4010 685 4065 sqq}
