2626 4906
264 593 342 673 250

260 817 441 866 succorum
462 794 708 863 medicatorum
730 815 794 882 ope
816 793 1017 883 corporibus
1039 795 1238 862 inscribun-

261 928 410 987 turnec
440 918 548 984 deleri
570 919 711 1003 possunt
718 939 729 995 3
764 916 867 982 sicuti
889 917 1045 982 fecerunt
1068 918 1233 1003 Aegyptii

260 1048 296 1108 et
317 1043 457 1106 deorum
484 1059 621 1106 suorum
640 1038 843 1121 imaginibus
868 1048 988 1120 puncto
1027 1035 1088 1118 ²⁸⁶)
1112 1039 1236 1104 incute

259 1164 498 1247 appinxerunt.
542 1161 597 1242 26,
625 1140 677 1226 li.
721 1162 832 1245 Neque
854 1161 992 1243 apposni
1012 1181 1052 1224 ec
1073 1162 1120 1223 eis
1142 1162 1237 1245 puid-

259 1303 351 1369 quam
372 1293 505 1362 mortuo,
527 1279 561 1345 h.
585 1301 615 1346 e.
638 1300 784 1363 mensas,
816 1282 903 1365 quae
923 1282 1067 1346 mortuis
1088 1283 1237 1349 instruc-

154 1454 157 1459 ,
258 1405 391 1483 bantur,
414 1398 599 1468 secundum
619 1420 882 1487 morem,·quem
903 1404 1060 1466 tenebant
1079 1404 1236 1486 gentiles

282 1534 290 1547 ¹
323 1523 408 1589 Jud.·
430 1525 463 1604 5,
485 1527 515 1587 l.
561 1520 676 1599 Quid?
698 1543 778 1586 num
799 1524 898 1588 ambo
920 1522 1072 1596 (Debora
1085 1530 1118 1588 et
1128 1525 1238 1589 Bara-

258 1641 358 1722 chus)
392 1642 553 1728 hymnum
586 1644 782 1708 cecinerunt
821 1641 959 1723 (amathi
1012 1620 1120 1708 Immo
1161 1617 1239 1729 ipsa

186 1790 195 1835 t
257 1764 409 1845 Debora,
432 1783 534 1848 quum
557 1762 773 1848 prophetissa
794 1768 894 1845 esset,
926 1762 1090 1849 hymnum
1111 1767 1239 1830 cecinit

197 1866 199 1881 ’
256 1884 426 1970 simulque
458 1884 642 1949 vaticinata
675 1889 736 1950 est.
793 1883 928 1950 Cecinit
959 1861 1137 1952 Barachus
1169 1908 1238 1952 nna

256 2027 335 2072 cnm
357 2027 397 2072 ea
417 2004 516 2070 initio
537 2004 758 2086 laudationis,
788 2025 889 2090 quam
911 2007 1056 2090 populus
1078 2007 1236 2091 prolocu-

256 2133 313 2192 tus
344 2130 413 2209 est,
449 2146 488 2190 eo
519 2125 592 2205 die,
625 2146 691 2208 quo
720 2125 871 2189 Siseram
904 2101 1097 2205 occiderat}
1131 2127 1235 2192 sicuti

257 2246 437 2328 (Hebraei)
448 2246 573 2331 hymno
586 2244 800 2310 celebrarunt
810 2246 910 2310 deum
921 2246 1122 2330 gloriosum,
1135 2270 1237 2332 quem

256 2369 384 2432 cecinit
404 2368 546 2451 Mirjam
566 2387 644 2430 cum
673 2366 810 2430 seminis
832 2366 889 2430 die
909 2367 1138 2434 immersionis
1167 2368 1236 2435 Ae-

255 2476 462 2575 gyptiorurn'
477 2488 557 2568 (Ex.
579 2489 631 2552 15.
658 2484 766 2569 Ephr.
789 2507 822 2570 p.
843 2486 908 2551 216
925 2486 981 2566 Β).
1048 2484 1123 2553 Neo
1150 2510 1237 2556 voro

254 2607 460 2688 (Barachus)
479 2628 545 2670 una
563 2627 639 2671 cum
659 2606 720 2670 illa
730 2604 898 2686 (Debora)
916 2605 1077 2691 hymnum
1094 2610 1236 2694 cecinit,

257 2728 416 2812 quoniam
445 2726 554 2810 ipsius
582 2726 740 2791 Deborae
763 2726 934 2792 canticum
955 2733 1008 2793 est
1028 2728 1237 2797 laudationis

253 2951 290 3005 ad
309 2951 386 3006 Cant.
405 2968 433 3019 p.
452 2955 524 3016 ota,
542 2965 625 3017 quum
643 2965 676 3003 ea
702 2946 882 3017 significatio,
908 2965 996 3019 quam
1021 2951 1109 3005 verbo
1136 2950 1236 3006 tribuit

254 3053 396 3122 interpres
413 3053 472 3121 ille,
490 3053 575 3108 nullis
593 3051 758 3106 testimoniis
776 3052 813 3106 sit
830 3054 956 3120 probata.
976 3053 1075 3120 Itaque
1092 3053 1235 3109 Micha-

253 3156 330 3211 elis
353 3156 519 3227 scripturam
529 3156 678 3213 versionis
687 3154 824 3222 simplicis
841 3166 998 3225 suspectam
1015 3155 1235 3211 habuitomnino

252 3260 408 3314 selectam
435 3261 526 3315 voluit
552 3274 683 3348 Ἱηηηῃῃῃ
697 3256 748 3342 pb,
768 3260 918 3314 secundum
954 3260 1037 3315 hebr.
1067 3259 1231 3317 lectionem:

245 3376 362 3430 mecm
396 3361 438 3428 tlh
477 3364 504 3420 h.
532 3361 907 3419 ε.ηεεεαὸα1ἰευοεε.ηε
934 3361 1069 3418 incidetis.
1095 3364 1142 3418 En
1166 3381 1234 3419 vero

251 3465 434 3519 confirmatur
451 3464 660 3520 Michaelis
677 3466 839 3532 conjectura
855 3463 902 3531 iis,
928 3481 1000 3535 quae
1026 3465 1056 3521 in
1081 3467 1234 3539 prreemi

251 3563 370 3621 Scholio
388 3569 529 3636 leguntur.
747 3567 750 3570 ’

300 3707 364 3769 286)
384 3707 498 3797 canipa
517 3707 543 3760 h.
562 3706 581 3760 l.
598 3680 705 3774 puncto.
736 3703 898 3772 Adscribas,
916 3705 967 3772 sis,
1001 3708 1073 3762 hanc
1090 3706 1235 3775 significa-

250 3806 354 3863 tionem
373 3809 482 3864 Lexico
500 3811 601 3864 Cast.
620 3811 665 3864 ed.
684 3808 793 3864 Mica.
818 3827 847 3878 p.
865 3813 926 3868 566.
945 3812 1083 3866 Hebraeis
1100 3821 1128 3864 et
1146 3813 1231 3866 Chal-

248 3912 328 3968 daeis
345 3914 461 3967 verbum
478 3929 543 3995 app,
561 3922 589 3968 et
605 3929 676 3981 quaa
694 3913 759 3967 inde
777 3912 948 3968 descendunt
966 3914 1079 3969 nomina
1095 3908 1230 3988 derivata,

249 4013 322 4070 satis
339 4025 404 4072 sunt
421 4014 494 4072 trita.
