2626 4906
983 576 1034 652 7⁷

64 785 224 864 obvium
248 783 527 883 scripturarum
552 804 702 858 sensum
727 777 913 877 statuisse,
944 807 1036 858 con·
1156 766 1163 780 Χ

63 939 125 998 tra
151 949 246 999 vero
280 946 411 995 omnes
443 920 669 1019 allegoricas
695 919 1037 1019 interpretationes

65 1065 147 1155 (τὰς
166 1068 326 1163 θεωρίας,
363 1057 419 1131 sic
446 1057 548 1130 enim
572 1056 786 1159 loquuntur
810 1058 853 1151 ⁹⁵)
860 1060 898 1150 ,)
924 1083 1036 1156 pror·
1079 1116 1086 1123 ,

66 1223 126 1274 sus
158 1196 405 1294 repudiasse,
444 1193 612 1268 tradunt.
675 1192 809 1268 Solum
835 1193 1036 1269 Canticum

65 1334 325 1424 canticorum,
351 1330 683 1429 quemadmodum,
719 1330 752 1404 si
777 1355 798 1404 a
824 1331 1035 1406 Theodoro

66 1473 339 1570 Mopsvesteno
367 1467 601 1560 discesseris,
627 1491 757 1540 omnes
776 1468 862 1541 fere
880 1478 1037 1543 veteres

67 1609 305 1706 interpretes
329 1605 478 1697 secere,
506 1603 720 1703 allegorice
747 1603 956 1703 explicavit
980 1605 1035 1699 ⁹⁶).

68 1743 236 1821 Diodori
263 1751 389 1816 autem
414 1736 577 1839 vestigia
602 1753 690 1841 post
715 1741 925 1840 Ephraemi
941 1751 1037 1816 tem-

69 1907 165 1982 pora
190 1904 324 1978 presse
350 1876 476 1952 secuti
491 1879 606 1970 sunt,
649 1888 694 1953 ut
728 1879 851 1953 verbo
886 1903 1038 1952 monea-

70 2044 172 2112 muS,
212 2017 290 2090 duo
323 2015 384 2089 illi
422 2014 736 2114 praestantissimi
771 2014 849 2089 viri
874 1986 1039 2090 Th'eo-

72 2157 224 2230 dorus
280 2151 645 2251 Mopsvestenus
701 2153 862 2251 ejusque
912 2152 1040 2227 minor

71 2304 163 2381 natu
211 2291 335 2364 frater
378 2289 781 2389 Polychronius,
848 2289 1039 2409 Apameae

73 2429 297 2529 episcopm,
336 2429 445 2524 cujus
483 2426 644 2526 egregia
669 2426 1040 2503 Commentariorum
1071 2515 1075 2524 x

73 2563 301 2643 inDanielis
315 2563 458 2638 librum
476 2564 690 2663 fragmenta
707 2590 756 2640 ex
766 2563 922 2641 Catenis
941 2590 1043 2639 com·

75 2704 200 2805 posita
225 2701 372 2803 primus
407 2701 611 2802 evulgavit
640 2703 851 2803 Angelus
875 2702 1039 2802 Majus.

150 3011 214 3088 20.
265 3009 503 3109 Ephraemus
521 3009 645 3110 igitur
660 3011 735 3086 fuit
755 3012 928 3110 ejusdem
943 3017 1044 3085 aeta-

75 3149 125 3225 tis
149 3151 255 3241 fere,
281 3173 356 3246 qua
381 3147 610 3222 Theodorus
635 3147 926 3243 Heracleensis,
965 3151 1044 3226 Eu·

77 3286 205 3362 sebius
232 3295 273 3360 et
298 3285 493 3362 Diodorus
518 3285 561 3360 in
587 3283 704 3386 Syria
722 3297 832 3362 erant
849 3296 1045 3389 praestan·

80 3468 312 3490 ..ιι-ιιι-

130 3566 177 3629 95)
194 3563 241 3620 De
257 3563 309 3619 hac
325 3576 396 3620 voce
411 3559 486 3616 inlra
502 3560 616 3616 uberius
633 3577 813 3634 exponemus.

129 3705 177 3767 96)
198 3702 391 3758 Theodoretns
415 3699 445 3755 in
462 3699 556 3754 Praei.
574 3699 608 3755 ed
627 3699 696 3767 CC„
722 3701 752 3754 in
769 3701 843 3774 Opp.
862 3715 905 3770 ep.
925 3701 1045 3760 Schulze

81 3804 115 3859 T.
139 3806 180 3861 Il.
206 3812 230 3862 1.
255 3824 284 3876 p.
301 3808 335 3872 5,
363 3804 389 3860 si
411 3804 630 3859 Commentarius
659 3813 701 3859 est
725 3805 899 3862 Theodoreti
922 3810 1044 3876 omnino,

85 3909 161 3974 quod
178 3910 299 3966 maxime
316 3907 466 3976 dubitatur,
477 3874 510 3965 vv.
528 3907 791 3997 Rosenmiilleri
805 3911 878 3968 Hist.
896 3911 972 3984 Imp.
989 3913 1045 3972 lv.

81 4027 111 4079 p.
129 4014 171 4070 78.

1254 3888 1278 3935 (Ὗ

1223 3974 1253 3992 s
1260 3952 1281 3988 „s
