2626 4906
163 621 240 699 llss

161 827 320 926 quidem
357 824 493 917 litera,
541 824 583 898 in
626 825 831 923 mysticum
876 833 918 900 et
954 826 1136 927 typicum

59 966 62 969 ⁴
161 963 354 1063 quendam
379 961 589 1061 verborum
610 986 772 1056 sensum,
798 962 980 1062 aspiritu
998 975 1137 1037 sancto

161 1127 259 1175 vere
281 1103 360 1199 jam
386 1123 608 1198 expressum
635 1110 676 1172 et
703 1098 997 1198 ascriptoribus
1017 1100 1137 1175 sacris

163 1237 401 1336 cogitatione
427 1237 759 1335 comprehensum,
794 1235 1065 1335 inquireretur
1091 1258 1138 1312 ac

162 1401 227 1449 res
253 1373 453 1448 sensibiles
485 1373 535 1447 ad
566 1371 713 1446 Christi
748 1373 1027 1465 oeconomiam,
1065 1374 1139 1448 sed

134 1510 324 1586 maxime
358 1510 408 1584 ad
437 1509 620 1623 mysteria
653 1509 736 1606 ejus
775 1534 819 1582 ac
855 1510 1028 1609 symbola
1059 1520 1139 1584 tra-

164 1648 414 1722 ducerentur.
492 1647 621 1743 Atque
674 1670 761 1719 cum
814 1647 886 1720 hac
945 1646 1141 1745 explicata

163 1784 275 1858 nobis
301 1782 492 1857 sententia
511 1783 750 1857 conveniunt
771 1783 857 1857 fere
878 1808 976 1882 quae
994 1783 1140 1860 Vale-

164 1921 269 1996 sius
300 1920 480 1995 admonet
506 1921 556 1995 ad
581 1920 782 1994 Socratem
807 1920 864 2012 228)
900 1921 976 1994 hoc
1003 1921 1139 1994 modos

164 2057 400 2156 „Mysticum
416 2067 457 2132 et
471 2057 724 2156 allegoricum
741 2081 891 2130 sensum
909 2082 988 2132 non
1008 2056 1143 2156 attigit

164 2193 372 2270 Diodorus.
440 2193 523 2269 Hos
559 2194 663 2268 enim
695 2219 825 2269 sensus
860 2192 1141 2293 complectitur
1171 2230 1177 2241 ·

164 2329 379 2433 ἡθεωρία.“
415 2375 466 2388 -
500 2331 612 2406 Haec
644 2332 830 2406 hactenus
863 2331 914 2405 de
946 2329 1142 2423 Diodoro,

167 2466 347 2565 quoniam
383 2465 446 2561 id,
485 2468 593 2565 quod
625 2467 723 2543 mihi
756 2492 868 2565 quam
906 2464 1143 2542 simillimum

167 2604 255 2679 veri
281 2604 332 2677 de
358 2601 646 2702 interpretandi
678 2605 761 2702 ejus
786 2604 937 2678 ratione
967 2601 1143 2698 videtur,

168 2740 211 2815 in
236 2738 502 2838 superioribus
529 2741 585 2834 (ᾗ.
614 2741 689 2834 19)
720 2742 798 2839 jam
825 2739 1054 2840 diligentius
1082 2750 1144 2815 est

169 2875 415 2976 explicatum.
474 2876 586 2953 Nunc
613 2902 710 2952 vero
735 2877 804 2952 illa
830 2877 943 2952 verbi
969 2877 1144 2952 Theoria

169 3013 270 3089 ratio
296 3038 344 3087 an
376 3024 556 3107 accurate
591 3014 749 3090 fundata
786 3014 855 3108 sit,
895 3027 982 3089 ante
1015 3014 1144 3089 omnia

170 3150 478 3251 expendendum.
545 3153 676 3232 Quare
722 3151 907 3250 exemplis
941 3151 983 3225 in
1023 3177 1145 3228 unum

169 3258 320 3360 collatis
346 3287 379 3361 si
416 3288 606 3382 effecero,
645 3289 1008 3388 interpretationem
1036 3276 1144 3364 ¹vere

170 3421 370 3522 mysticam
403 3449 479 3521 per
514 3424 550 3498 T
551 3425 723 3501 heoriam
759 3426 947 3520 indicari,
994 3420 1144 3500 deinde

171 3559 387 3658 paullulum
400 3561 681 3638 subsistendum
696 3563 806 3638 nobis
820 3564 897 3639 erit
911 3573 951 3639 et
967 3563 1008 3638 in
1022 3561 1153 3662 ipsius

172 3695 281 3770 vocis
306 3720 416 3770 usum
442 3698 630 3774 subtilius·
646 3697 931 3800 inquirendum

224 4006 288 4071 228)
306 4004 343 4060 ll.
360 4004 395 4061 n.
413 4007 440 4071 0,
457 4008 482 4065 3.
500 4004 525 4064 1.
544 4007 586 4065 ⁷5.
604 4006 649 4064 ed.
666 4006 744 4076 nug.
