2626 4906
1036 626 1040 633 -
1059 573 1137 653 377

160 786 285 850 contra
303 799 358 844 mo
379 777 685 860 congregabantur,
719 776 896 842 acerbiore
928 777 1029 842 etiam
1056 779 1136 846 odio

159 928 215 972 me
236 895 499 989 persequentes!
546 895 772 973 Quamobrem
801 903 1008 982 revertatur,
1039 904 1137 968 obse·
1175 876 1177 880 ι

160 1047 234 1106 cro,
266 1024 377 1092 anima
399 1018 497 1104 puori
519 1017 621 1100 hujus
644 1019 679 1080 iu
701 1018 835 1082 uiscera
858 1025 943 1103 ojus,
967 1043 1035 1106 quo
1057 1043 1136 1087 oon·
1236 991 1238 996 Ι

160 1147 291 1213 soletur
321 1142 476 1205 luctuosa
505 1143 607 1222 atqua
628 1139 786 1223 equidem
807 1140 947 1206 evadam
970 1143 1069 1208 malo.
1095 1178 1133 1194 -·

162 1288 195 1334 v.
209 1268 260 1332 23.
284 1265 335 1337 Et,
348 1264 395 1326 uit
409 1260 458 1325 illi
463 1284 474 1321 .·
495 1262 551 1327 En
573 1263 651 1326 uiuit
661 1259 758 1342 filius
779 1271 861 1326 tuuc.
890 1263 994 1345 Ecce,
1012 1265 1135 1349 inquit,

165 1389 317 1452 mortuus
339 1382 476 1450 revixit.
523 1380 601 1446 Hoc
623 1383 712 1446 enim
735 1381 791 1445 dei
813 1384 960 1448 viventis
980 1388 1033 1448 cst
1049 1383 1136 1447 saci-

166 1524 245 1584 nus3
276 1502 368 1589 quod
388 1521 487 1566 nemo
508 1501 624 1566 secere
646 1503 748 1601 valet,
770 1480 918 1585 necilli,
950 1523 1034 1588 quos
1055 1524 1137 1589 gen·

161 1627 214 1694 tes
235 1625 305 1690 sibi
326 1623 481 1687 fecerunt
502 1621 584 1686 deos
606 1622 643 1685 in
664 1624 881 1706 ignominiam
903 1642 1008 1688 suam.
1026 1596 1064 1688 u.
1080 1625 1134 1690 24.

162 1743 267 1824 Quod
289 1743 378 1807 dixit
399 1741 567 1824 (mulier),
600 1742 795 1827 hujusmodi
823 1748 889 1807 est:
924 1742 1137 1828 Quamquam
1232 1778 1234 1782 ·

155 1872 231 1952 jam
238 1884 300 1930 vas
312 1868 478 1942 etcornu,
492 1864 626 1947 quodtu
645 1865 782 1948 copiose
799 1863 996 1948 implevisti,
1006 1863 1137 1944 fdocuc-
1246 1952 1249 1956 Α

160 1991 243 2052 runt
264 2005 330 2066 me,
352 1989 387 2047 te
402 1983 642 2068 vincireposse
658 1984 800 2062 coelum,
824 2004 934 2066 neque
956 1984 993 2048 id
1003 1984 1137 2050 vincire

162 2105 331 2192 quandam
348 2104 535 2168 naturalem
548 2123 714 2184 caussam,
733 2110 843 2167 tamen
861 2124 905 2168 ex
920 2110 1071 2169 mortuos
1082 2127 1137 2170 re-

163 2225 353 2293 suscitandi
373 2223 536 2288 facultate
558 2246 644 2309 quae
666 2227 702 2287 in
723 2229 757 2289 te
779 2227 917 2289 inventa
938 2229 1008 2306 cst,
1037 2225 1137 2290 intel·

164 2347 247 2432 ligo,
269 2350 303 2411 te
325 2346 362 2410 in
383 2345 489 2412 verbo
511 2344 637 2413 domini
658 2364 758 2430 posse
780 2342 936 2426 efficere,
968 2366 1137 2430 quaecun-

167 2487 234 2553 que
253 2464 317 2532 uis.

229 2585 316 2652 Dan.
340 2585 373 2668 23
397 2586 439 2652 20
460 2605 535 2672 sqq.
581 2585 806 2653 Laudationis
828 2588 1060 2671 argumontum
1087 2585 1137 2651 ita

164 2705 258 2769 recto
294 2705 442 2790 explicat
450 2751 461 2785 ,
484 2713 522 2768 ut
551 2709 583 2770 ei
606 2713 720 2772 cartus
749 2708 793 2772 ad
815 2709 985 2776 somnium
1021 2706 1141 2772 Nebua

162 2823 365 2888 cadnozaris
389 2814 564 2908 respectus
588 2824 681 2897 insit.
710 2845 741 2888 v.
772 2829 823 2897 21,
855 2831 920 2899 Qui
949 2830 1139 2907 sapientiam

161 2945 221 3010 dat
248 2945 445 3025 cupientibus
476 2943 510 3008 h.
535 2965 564 3009 e.
601 2945 660 3028 qui
693 2946 859 3009 somnium
889 2944 1055 3008 indicavit
1083 2962 1140 3008 sa-

161 3064 353 3149 pientibus,
387 3065 447 3148 qui
469 3063 568 3128 deum
589 3066 726 3143 timeut3
757 3069 791 3128 et
818 3064 1069 3146 ἱνιὶεἶὶἱρεητίὸαε4
1087 3066 1138 3128 iu-

104 3184 106 3189 ’
161 3184 367 3268 telliyemiam
389 3182 424 3248 h.
447 3207 475 3249 e.
500 3190 534 3249 et
551 3186 674 3248 somnii
692 3185 1003 3269 interpretationem
1023 3183 1139 3250 docuit

163 3322 237 3385 eoo,
261 3304 383 3388 quibus
406 3305 516 3388 aperit
537 3311 669 3370 secreta
690 3303 941 3389 prophetarum
973 3325 1005 3369 v.
1027 3305 1080 3369 22.
1104 3305 1140 3368 Ic

162 3423 283 3489 revelat
301 3420 466 3511 profundo
489 3435 520 3489 et
541 3427 681 3502 occultem
704 3425 738 3490 h.
763 3447 791 3489 e.
814 3425 980 3494 somnium
999 3428 1140 3508 ejusque

163 3543 477 3629 interpretationem
511 3551 545 3610 et
584 3546 822 3630 cogitationes,
853 3566 940 3629 quae
970 3526 1059 3627 regi
1076 3545 1140 3608 sub

164 3679 344 3748 vesperam
365 3663 514 3735 suerunt.
559 3685 593 3731 v.
616 3665 668 3730 28.
700 3667 763 3732 Est
783 3665 877 3735 Deos
898 3667 932 3729 alr
953 3663 1061 3746 coelo,
1084 3665 1141 3748 qui

165 3802 399 3822 m

166 3871 279 3927 tellus
296 3869 444 3941 distiuguit
461 3868 534 3926 iuter
552 3884 643 3966 ἣρως
667 3879 695 3928 al
719 3871 794 3928 iuter
819 3887 912 3964 ⁸3⁸?
938 3885 968 3942 p..
984 3870 1044 3930 339.
1072 3865 1139 3927 cell.
1197 3837 1206 3857 ο

166 3988 198 4046 p·
215 3977 276 4036 ³³5.
293 3975 361 4033 edit.
378 3973 486 4032 mich.
