2626 4906
977 586 1056 663 249

84 786 155 852 sint
186 782 267 866 ²⁸³),·
297 783 336 850 id
364 786 454 871 quod
487 785 622 855 Saulem
651 787 795 870 secisse,
827 787 943 874 prodit
970 793 1056 859 sori·
1085 776 1089 783 ¹

86 910 186 992 ptura
207 896 429 974 sacerdotalis
456 906 526 987 ²⁸⁴).
551 944 593 957 -

150 1025 252 1095 Num.
286 1030 415 1108 11‚25.
461 1014 751 1106 Quemadmodum
780 1029 870 1094 enim
898 1034 1058 1098 arborum

84 1146 218 1215 fructus
239 1169 377 1213 succum
398 1151 595 1233 irrigantem
618 1149 683 1234 (pr.
706 1171 846 1215 succum
869 1156 1079 1236 potationis·

85 1269 192 1358 ssspuiu
209 1269 302 1359 ιιξιῑ)
315 1289 357 1334 ex
369 1272 525 1334 arborum
545 1271 648 1334 ramis
664 1270 835 1351 hauriunt,
859 1273 908 1336 ita
924 1284 1059 1358 septua-

83 1390 178 1471 ginta
205 1389 258 1452 illi
284 1392 436 1455 seniores
465 1391 622 1474 spiritum
650 1411 671 1455 a
696 1390 796 1455 Mose
818 1392 854 1454 in
876 1393 969 1476 ipsos
991 1395 1059 1460 dis·

84 1507 210 1589 fusum,
234 1530 371 1574 sensere
393 1531 454 1595 per
475 1512 594 1586 intima
615 1532 788 1595 permeare
809 1513 953 1578 viscera.

150 1629 252 1695 Dent.
285 1634 344 1711 ll,
370 1635 398 1695 l.
444 1631 651 1696 Praemissis
672 1633 787 1697 verbis
808 1635 993 1710 textuariis
1015 1631 1060 1700 nl

85 1761 225 1832 ιιιπξιιιι,
251 1748 524 1836 (interponuntur
546 1757 656 1816 autem
676 1753 781 1817 verba
803 1771 847 1817 ex
867 1751 979 1820 Levit.
1005 1757 1057 1837 19,

85 1870 129 1934 28
159 1867 225 1933 huo
256 1872 441 1949 translata:
466 1893 574 1956 neque
607 1872 742 1936 facietis
766 1873 938 1939 calvitiem
970 1877 1059 1940 inter

86 1990 205 2054 oculos
236 1997 368 2056 vestros
406 1993 449 2055 ob
482 1992 664 2073 mortuum)
702 1994 943 2077 interpretatur
971 1996 1059 2061 hano

86 2111 124 2172 in
145 2112 361 2176 sententiam:
395 2115 566 2177 Interdixr't
588 2117 629 2177 iio
657 2115 718 2188 (sic
747 2112 846 2200 refert
867 2117 932 2192 lex)
966 2101 1085 2180 notas*

86 2233 260 2312 inscriptos
292 2231 452 2321 (nahum)
465 2230 583 2318 secere
604 2238 638 2298 ia
661 2245 730 2299 cute
757 2215 840 2314 ²⁸⁵),
868 2212 1058 2319 cujusmodi
1123 2214 1129 2233 ι

121 2443 184 2503 283)
209 2445 311 2524 ⁸322}
338 2437 424 2506 igitur
448 2438 500 2501 (sie
532 2437 614 2493 etiam
641 2439 836 2507 pronuntiatur
862 2439 902 2493 11.
933 2442 1002 2496 1152«
1020 2439 1056 2495 l).

87 2541 207 2610 aliisque
253 2542 282 2596 in
316 2541 404 2607 locis,
441 2559 493 2596 nec
517 2559 587 2597 vero
615 2556 734 2622 unffi,
757 2552 788 2597 ut
816 2542 845 2596 in
872 2543 1059 2614 Polyglottis,
1135 2579 1136 2582 =

86 2646 162 2713 apud
181 2644 270 2716 Syros
289 2654 330 2699 est
343 2646 570 2714 praestigiatrix,
590 2614 658 2700 lem.r
671 2646 884 2731 somnam}
903 2646 926 2700 I.
945 2651 1004 2704 390.
1023 2646 1059 2701 A.
1130 2702 1133 2707 ,

87 2751 158 2804 Cum
176 2749 225 2802 illa
242 2758 343 2813 antem,
363 2765 444 2816 qnam
462 2765 546 2818 supra
564 2749 700 2815 dedimus,
727 2750 972 2820 interpretatione,
992 2767 1059 2804 con-

87 2853 166 2908 venit
191 2869 232 2918 ea,
258 2869 340 2919 quam
363 2851 536 2920 Ephraemus
561 2852 710 2918 adscripsit
727 2851 790 2904 loco
809 2857 824 2906 l
843 2850 915 2904 Sam.
941 2851 1058 2908 XVIll.

86 2960 112 3013 3.
142 2954 182 3009 ll.
210 2973 238 3024 p.
266 2960 331 3013 387:
350 2957 457 3031 &glazi
474 2953 597 3021 appellat
614 2962 710 3006 auctor
735 2954 780 3006 vel
805 2969 923 3019 quorum
947 2963 1061 3009 ventres

88 3058 215 3113 insidens
239 3060 355 3112 daemon
379 3058 505 3125 ipsorum
530 3074 581 3110 ore
606 3055 730 3123 loquitur
756 3055 935 3125 ipsorumque
972 3057 1060 3111 halitu

88 3177 173 3216 voces
191 3161 268 3225 edit5
286 3162 332 3215 vel
351 3161 434 3227 qnia
457 3161 599 3225 daemone,
623 3179 675 3231 per
699 3168 847 3214 assumtum
873 3161 907 3214 ab
926 3159 976 3213 illo
994 3177 1058 3214 eor·

87 3281 151 3333 pus,
169 3281 304 3335 responsa
319 3273 434 3335 petunt,
461 3264 537 3332 qnod
560 3263 606 3317 hic
631 3262 731 3319 fecisse
753 3263 882 3320 feminam
906 3263 1060 3335 scripturas
1095 3260 1104 3287 ¹*

90 3368 197 3442 prodit.

138 3510 202 3570 aet)
228 3507 328 3574 &³535
349 3514 439 3574 &th
466 3506 603 3576 scriptura
633 3506 814 3561 sacerdotalis
844 3504 995 3574 singularis
1020 3476 1063 3560 est

90 3575 333 3666 sustinueris
359 3575 538 3679 ndncupatio.
566 3608 634 3682 Syri
657 3609 730 3664 enim
754 3608 872 3679 primum
896 3617 924 3662 et
941 3610 1059 3664 alterum

90 3712 228 3768 Samuelis
246 3713 348 3767 librum
366 3713 448 3766 unico
467 3712 541 3766 libro
564 3712 809 3783 comprehendunt.
845 3711 974 3768 Ceterum
991 3723 1058 3766 nota

89 3816 205 3883 {ormam
214 3817 324 3882 ῃιῇῃῇ,
343 3832 415 3884 quae
438 3816 516 3869 deest
533 3816 657 3873 Lexicis.

141 3921 207 3983 285)
223 3886 321 3974 llerba
338 3933 473 4005 riq-rm
501 3916 542 4009 ξιξ
561 3917 603 3972 sie
619 3919 756 3973 convertit
774 3918 939 3974 Gabriel
957 3917 1062 3972 Sion:

89 4040 124 4078 ue
140 4022 205 4078 uitia
223 4022 352 4091 effraeni,
370 4031 544 4091 quapropter
566 4024 624 4089 jnn
641 4022 814 4089 vituperatur
831 4037 849 4077 ιι
865 4020 1061 4076 Michaele
