2626 4906
966 640 1041 719 147
1122 666 1127 674 ’

147 839 422 939 Exemplorum
441 842 564 941 igitur
581 869 718 943 agmen
738 846 855 920 ducat
871 846 1040 923 Isidorus

72 975 267 1054 Pelusiota
301 977 342 1051 in
368 979 495 1056 literis
522 980 570 1054 ad
595 981 907 1060 Valentinianum
932 1010 1039 1082 pres·

72 1114 254 1214 hyterum
281 1114 397 1210 datis,
430 1117 498 1190 ubi
525 1143 628 1191 suam
655 1120 704 1193 de
732 1120 930 1218 allegoriis
956 1147 1039 1196 sen·

73 1252 231 1325 tentiam
251 1253 419 1350 explicat
438 1266 478 1326 et
497 1254 757 1352 allegoricam,
777 1257 852 1330 hoc
871 1269 928 1344 est
945 1284 1039 1333 vere

73 1388 281 1488 mysticam,
316 1389 604 1488 interpretandi
629 1392 818 1467 rationem
843 1394 1040 1492 sapienter

74 1525 280 1600 adhibitam
313 1528 561 1603 commendat.
622 1528 694 1627 Ep.
730 1529 796 1605 IV.
831 1529 916 1606 117.
956 1530 1039 1606 init

74 1663 131 1739 ed.
160 1660 445 1738 Rittershus.
473 1689 511 1761 p.
540 1664 605 1744 58:
626 1666 1042 1764 Ἔοικας-11111111·-

73 1789 113 1864 rin
135 1791 366 1881 ἀποδέχεσθαι
387 1793 447 1879 τὰς
467 1792 606 1880 sol-reg
626 1795 777 1888 θεωρίας
799 1796 859 1877 ads
881 1794 1041 1887 ἀναγινώ-

72 1956 210 2016 σκοντας
230 1933 500 2023 reparatemur.
552 1920 586 1994 Ε
621 1921 787 2019 vestigio
821 1936 948 1997 autem
983 1948 1041 1997 se·

73 2058 205 2156 quitur
231 2057 395 2135 verbum
422 2063 625 2164 ἀλληγορεῖν,
649 2059 785 2135 eadem
804 2058 961 2157 quidem
983 2084 1042 2132 ra·
1093 2105 1097 2110 -

71 2197 182 2270 tione
204 2206 438 2292 usurpatum.
491 2194 563 2293 Ep.
591 2197 677 2271 202.
704 2195 768 2269 fin.
795 2197 852 2293 (p.
872 2195 941 2288 99)
967 2176 1041 2269 sibi

72 2343 322 2431 opponuntur
347 2343 389 2412 ad
401 2340 479 2411 καθ’
492 2340 642 2434 ἱστορίαν
652 2341 807 2435 εἰρημένα
839 2346 933 2414 etad
955 2344 1041 2413 nord

70 2479 220 2573 θεωρίαν
241 2481 530 2572 προῳητευθέντα.
550 2452 596 2532 1-
617 2468 821 2568 Origenes,
841 2471 909 2569 qui
922 2469 1041 2544 omni·

71 2607 141 2680 bus
168 2607 209 2678 in
234 2606 352 2699 lociS,
388 2607 629 2704 spiritualem
665 2607 778 2680 etiam
813 2606 1041 2681 sententiam

70 2745 195 2820 latere
210 2753 366 2815 censeat
383 2747 440 2840 (p.
461 2743 542 2837 54),
563 2753 719 2847 θεωρίαν
739 2744 922 2818 moralem
938 2768 1041 2817 suam

70 2894 112 2956 et
137 2880 348 2981 practicam
373 2879 755 2977 interpretationem,
788 2905 886 2977 quae
913 2891 1041 2953 tamen

69 3043 211 3093 revera
239 3027 296 3090 est
321 3015 502 3115 mystica,
542 3015 707 3091 vocavit.
759 3014 1041 3088 Rosenmiil·
1082 2992 1085 3001 ¹

68 3154 166 3247 leri
199 3154 299 3230 Hist.
336 3152 478 3252 interp.
523 3150 589 3227 Ill.
631 3151 715 3228 115.
750 3168 807 3210 ⁴·—
828 3148 834 3161 ‘
853 3149 1039 3250 Cyrillus,
1168 3175 1176 3191 ,
1246 3194 1249 3204 ·

69 3292 237 3393 catech,
264 3291 366 3366 XIII.
403 3315 436 3366 c.
470 3290 510 3365 9:
547 3297 816 3393 συνεληλύθαμεν
848 3296 871 3372 a}
903 3304 1040 3393 γραφῶν

69 3439 224 3533 ἐξήγησιν
244 3439 451 3532 θεωρητικὴν
473 3427 528 3519 (h.
552 3406 1040 3527 (1.11111111111111011111111-

68 3566 281 3666 legoricam
316 3591 343 3640 s.
371 3591 465 3639 vere
492 3565 707 3664 mysticam)
745 3568 959 3666 ποιήσασθαι
984 3577 1041 3650 νῦν

71 3745 101 3786 κ.
123 3744 152 3800 p.
176 3719 272 3798 1,-
304 3702 475 3776 Andreas
502 3700 699 3776 Cretensis
730 3701 816 3800 (qui
841 3708 949 3784 sexto
975 3707 1041 3784 aut
1159 3756 1165 3775 .

38 3874 41 3881 ’
70 3843 237 3942 septimo
273 3839 426 3915 saeculo
460 3839 618 3933 claruit)
665 3840 770 3915 Orat.
815 3838 857 3913 in
900 3838 936 3924 T
937 3859 1040 3915 rans.-

70 3981 224 4080 figurat.
251 3978 293 4053 in
319 3975 529 4051 Galland.
555 3971 928 4074 Bib1.X111.p.116:
957 3975 1039 4075 φερέ

836 4111 870 4164 m
887 4108 902 4146 ⁸
