2626 4906
176 710 178 717 s
267 600 345 676 252

267 825 341 872 cem
363 805 489 898 (umenti
515 803 576 887 ²⁸⁹)
607 804 763 885 levitam,
787 816 929 885 arguere
951 824 1064 883 senem
1085 807 1120 869 et
1149 823 1242 869 smn-

266 944 364 991 mum¹
379 927 606 1008 sacerdotem,
640 946 782 1009 eumque
811 928 929 990 nuntio
956 926 1117 990 tristitiae
1139 926 1241 1010 plene

203 1056 208 1067 “
265 1051 405 1112 terrere.
450 1047 563 1113 Porro
592 1068 674 1111 vero
702 1048 832 1111 veritus
861 1051 931 1127 est,
965 1068 1010 1110 ue¹
1029 1047 1127 1110 deum
1149 1045 1242 1110 sorte

266 1167 469 1248 offenderet,
503 1170 534 1231 si
557 1168 747 1250 divulgaret
768 1168 986 1252 mysterium,
1020 1167 1111 1251 quod
1133 1167 1175 1230 ab
1199 1186 1240 1231 eo

264 1287 452 1352 abscondita
473 1293 597 1354 ratione
628 1286 689 1367 190)
718 1287 780 1353 suli
809 1290 919 1353 noctis
949 1287 1095 1369 ealigine
1121 1307 1240 1370 perce-

264 1413 370 1491 perat.
416 1409 448 1491 8,
470 1411 492 1474 9
514 1431 588 1494 sqq.
632 1409 854 1491 intelligitur,
884 1430 950 1472 non
973 1412 1111 1492 propter
1134 1408 1241 1471 avari-

159 1544 162 1550 ’
264 1530 341 1592 tiam
373 1526 451 1612 ²⁹¹),
486 1551 585 1616 qnam
619 1529 686 1592 filii
722 1528 889 1595 Samuelis
922 1550 1002 1617 prae
1030 1551 1068 1596 se
1096 1528 1240 1608 ferrent,

264 1648 467 1731 (Hebraeos)
497 1673 610 1735 regem
639 1651 828 1735 postulasse
860 1657 893 1716 et
915 1651 1145 1730 desiderasse,
1180 1647 1241 1714 sed

263 1767 412 1852 idcirco,
447 1773 538 1858 quod
559 1773 625 1837 sibi
647 1773 732 1856 ipsis
762 1771 810 1846 (h.
835 1794 863 1836 e.
888 1791 1108 1856 unaquaeque
1129 1771 1239 1834 tribus

121 1888 147 1983 ‘h
263 1891 434 1977 sibiipsi)
464 1895 591 1978 regiam
620 1893 816 1976 dignitatem
839 1882 1082 1977 popdscernnt3
1121 1911 1238 1976 spera-

262 2017 341 2074 runt
363 2015 475 2094 etiam,
499 2014 574 2077 sore
596 2015 662 2077 sibi
683 2033 745 2097 per
767 2034 892 2095 regem,
923 2032 1021 2096 quem
1044 2012 1237 2095 elegissent,

262 2149 428 2213 caussam,
453 2135 565 2197 omnia
587 2134 691 2214 idola,
715 2154 801 2217 quae
823 2127 1086 2212 desiderassent,
1111 2131 1236 2211 colere,

260 2251 316 2315 vel
344 2252 418 2317 dies
447 2253 553 2318 festos
582 2256 627 2318 iis
659 2255 832 2318 celebrare
865 2255 1050 2317 obscoenos
1080 2256 1113 2316 et
1142 2252 1238 2315 inde-

261 2390 373 2452 coros,
385 2375 439 2437 vel
452 2376 495 2438 iis
509 2375 579 2439 frui
587 2377 850 2458 intemperanter
870 2377 904 2439 ia
927 2374 1080 2441 ebrietate
1093 2369 1166 2452 ²⁹²),
1179 2370 1237 2436 vel

260 2510 337 2558 cum
358 2494 402 2558 iis
424 2497 566 2560 insanire
591 2493 651 2573 ²⁹³)
674 2497 710 2558 in
731 2495 945 2575 voluptatibus
968 2492 1030 2575 ²⁹⁴)
1051 2492 1238 2574 indecoris,

311 2679 375 2741 289)
402 2682 515 2769 flagri-,vj
527 2682 573 2734 hic
590 2681 615 2735 1.
633 2685 693 2738 341.
712 2680 747 2734 Α.
765 2697 832 2734 vere
850 2689 892 2735 est
908 2679 1033 2748 simplex,
1051 2654 1082 2734 ut
1099 2678 1198 2738 1.2m.
1209 2680 1238 2734 D

258 2780 275 2833 1
292 2777 383 2848 Regg.
402 2785 426 2848 6,
444 2788 487 2848 335
511 2785 579 2840 levir
606 2783 692 2849 etiam¹
706 2782 746 2839 ll.
765 2789 809 2841 69.
835 2784 869 2837 Β.
887 2784 957 2839 alias
971 2790 1074 2855 parus,
1104 2784 1238 2850 sincerus,

255 2879 300 2934 ‘sle
318 2887 410 2940 1.397.
436 2886 763 2950 A.ean01escentu›11s;
789 2887 927 2957 imprimis
946 2897 1048 2953 autem,
1069 2896 1156 2940 recte
1172 2889 1231 2955 jam

232 2990 243 3026 ἱ
257 2997 386 3040 monente
404 2988 599 3044 Michaele
624 2990 659 3044 ad
678 2991 774 3044 Cast.
792 3008 820 3056 p.
828 2994 888 3047 rot.
899 2989 1153 3060 sanctoopponitur
1162 2998 1190 3043 et
1200 2990 1236 3042 de

257 3098 342 3141 notat:
350 3093 473 3157 vulgare,
486 3107 621 3147 commane.
633 3094 752 3146 Praeter
770 3094 925 3160 exemplaa
939 3093 971 3146 Μ
980 3092 1135 3146 ichaele
1153 3091 1236 3146 allata

240 3177 328 3245 edde
345 3193 521 3260 hujusmodi:
551 3197 590 3250 ΙΙ.
609 3201 669 3264 273,
686 3197 725 3250 D.
746 3195 1022 3250 Oberleitneri
1040 3196 1236 3263 chrestum.

306 3296 368 3357 299)
387 3314 506 3388 mrem·
524 3300 602 3357 hanc
621 3300 740 3356 sormam
758 3299 852 3354 omisit
870 3300 937 3356 Cas
949 3299 1087 3364 tellus.¹

305 3397 369 3461 291)
388 3403 502 3483 renna-25,
521 3403 650 3469 avaritia,
675 3404 809 3456 omissum
826 3419 843 3455 a
859 3403 923 3456 Cas
934 3400 1044 3464 tello,

305 3501 369 3564 292)
387 3516 497 3594 ῃῃζξη
515 3504 592 3563 deest
617 3521 662 3575 ap.
681 3505 907 3570 Castellum,

304 3606 368 3665 293)
385 3620 500 3688 “tp-pn&
518 3609 646 3662 rahieres
663 3611 762 3675 sactae
790 3617 831 3663 eet
848 3609 935 3676 casim
961 3610 1033 3668 hanc
1061 3594 1250 3679 primariam

240 3708 485 3789 'significationem
505 3711 610 3765 notavit
645 3711 865 3781 castellus,
883 3715 961 3768 nullo
971 3714 1083 3781 quidem
1099 3714 1234 3782 exemplo

181 3809 205 3847 1
253 3814 358 3869 sarra.
410 3813 522 3867 menn
546 3814 629 3868 eriam
647 3799 682 3868 aa
707 3814 861 3871 sodomitis
878 3817 903 3872 1.
923 3823 965 3875 n.
985 3818 1015 3872 c.
1036 3816 1083 3871 ure
1100 3833 1171 3871 vero
1195 3816 1232 3880 (ι

251 3918 379 3981 9491).)
397 3918 433 3972 de
449 3917 587 3971 idolorum
605 3917 774 3974 cultoribus.

301 4021 499 4113 ffllplurdtm
506 4025 598 4113 '73:255
615 4021 730 4078 aterne
742 4022 813 4078 sinu.
834 4021 1232 4115 &Quamnam
