2626 4906
160 596 219 676 ⁹2

167 800 396 880 auctoritate
421 798 596 876 floruisse
622 822 700 874 non
719 795 893 893 videtum
918 799 1040 873 multo
1061 796 1136 873 sci-

165 941 264 1014 ·licet
297 951 356 1014 est
379 938 644 1033 verisimilius,
680 962 781 1030 eam,
816 936 1137 1034 quenadmodum

163 1075 220 1150 de
243 1075 487 1173 Antiochena
521 1076 690 1167 constat,
733 1098 784 1147 ex
801 1072 980 1172 privato:
1004 1072 1136 1146 studio

166 1220 313 1288 tantum
338 1211 581 1287 constitutam
607 1235 689 1286 esse
703 1221 966 1286 etservatam..
985 1207 1136 1282 Utriusss

168 1373 246 1447 que
272 1350 375 1423 enim
403 1348 558 1448 generis
582 1346 756 1422 instituta
774 1346 815 1419 in
834 1345 981 1421 veteris
1006 1343 1136 1419 eccles

59 1476 61 1481 ¹
165 1485 245 1561 siae
263 1485 422 1559 historia
439 1496 662 1578 occurrunt,
689 1508 737 1559 ex
756 1502 883 1576 morep'
901 1494 947 1557 ut
963 1481 1135 1576 videtur,

166 1621 422 1714 iudaeorum,
473 1622 564 1719 quo³
586 1620 759 1714 sedicet,
811 1619 1047 1717 quicunque·
1064 1620 1136 1693 ‘aut

166 1758 343 1832 doctrina
370 1758 518 1850 clarus,
553 1770 618 1831 aut
642 1781 747 1831 sacra
772 1755 1071 1855 inauguratione
1093 1765 1136 1849 et

166 1894 409 1969 ordinatione
445 1893 614 1968 initiatus
649 1905 754 1987 erat,
792 1893 875 1968 sive
917 1893 1136 1990 Presbyter

166 2042 250 2105 erat
287 2031 370 2106 sive
401 2029 595 2105 Diaconus
629 2029 711 2105 sive
737 2029 833 2104 alius
860 2028 1016 2128 generis
1042 2025 1135 2102 Cle·

165 2167 288 2261 ricus,
327 2166 502 2264 adeoque
535 2166 611 2266 ipsi
642 2166 752 2241 Laici
778 2189 826 2240 ex
851 2165 1136 2265 Episcoporum

161 2302 292 2397 -venia,
319 2302 489 2378 doctoris
516 2302 645 2377 officio
673 2312 714 2377 et
737 2327 898 2379 munere
920 2304 1135 2403 iungeban-

164 2447 239 2513 tur.
291 2439 530 2538 Ephraemus
566 2449 693 2514 autem
725 2440 894 2514 scholam
926 2465 1030 2516 suam
1055 2467 1136 2517 non

165 2577 215 2650 ad
240 2562 403 2650 mortem
426 2601 548 2675 usque
574 2576 863 2671 moderabatur,
907 2578 978 2652 sed
1016 2595 1136 2675 quum

164 2725 290 2786 aetate
316 2713 476 2807 multum
502 2726 712 2812 provectus
738 2723 851 2807 esset,
880 2713 930 2809 in.
946 2714 1136 2790 montium

164 2876 354 2924 secessum
380 2875 421 2924 se
449 2849 603 2949 recepit
628 2859 670 2924 et
694 2850 736 2924 in
760 2851 982 2926 monasterii
999 2851 1135 2927 solitu-

164 2988 294 3062 dinem
320 3013 360 3060 se
388 2986 538 3062 abdidit
564 2988 630 3083 ¹²⁷).
691 2986 802 3063 Haec
838 2998 964 3062 autem
1001 2990 1135 3064 schola

164 3125 271 3221 quasi
297 3124 449 3199 officina
475 3151 599 3200 novae
625 3124 665 3200 S.
692 3124 732 3201 S.
758 3125 1047 3223 interpretandi
1072 3151 1134 3199 ra-

162 3260 278 3335 tionis
310 3263 456 3336 habere
481 3249 628 3361 potest,
663 3262 705 3335 in
730 3288 805 3360 qua
832 3261 998 3361 primum
1025 3262 1134 3338 inter

163 3397 364 3470 Aramaeos
404 3396 774 3473 Commentariorum
813 3408 948 3473 auctor
986 3399 1044 3492 128)
1085 3425 1131 3476 se

214 3639 275 3700 127)
294 3635 400 3690 Auctor
426 3651 484 3707 syr.
515 3634 545 3691 in
572 3633 644 3690 vitae
667 3637 756 3706 Ephr.
781 3636 838 3691 fine
865 3644 893 3692 et
913 3637 1034 3695 Thomas
1051 3639 1132 3696 Mar·

161 3739 255 3808 gensis
269 3738 298 3793 in
310 3739 427 3794 historie
440 3737 590 3800 monastica
599 3740 673 3807 opud
686 3740 824 3795 Assem.
839 3741 918 3797 Β.0.
929 3744 985 3797 111.
1002 3747 1033 3799 2.
1045 3761 1074 3810 p.
1086 3746 1129 3800 57.

213 3876 509 3941 nutriremur
534 3876 564 3931 in
587 3878 674 3933 Horis
695 3895 754 3950 syr.
778 3897 807 3948 p.
826 3884 877 3936 137
894 3894 957 3945 sqq.
974 3879 1129 3944 contendit,

161 3995 232 4049 qnae
270 3978 352 4036 uobis
392 3988 542 4050 supersunt
579 3981 615 4037 de
648 3980 800 4054 Ephrsemi
839 3981 1129 4051 interpretationibus,
