2626 4906
1012 562 1017 573 ’
1088 564 1141 641 49

170 779 340 877 aliosque
367 776 419 852 de
446 773 493 848 iis
508 770 684 847 edocere.
697 768 881 867 voluerit,
906 768 1141 871 isimprimis
1166 794 1192 875 J

169 918 280 992 etiam
304 923 517 1015 praecepta
542 911 585 984 in
622 909 691 984 illa
733 908 959 1013 demandata
985 934 1140 984 accura-

168 1055 307 1129 tissime
344 1051 466 1125 debet
498 1047 661 1145 obsequi
695 1058 736 1128 et
761 1047 861 1147 piae·
877 1047 1024 1152 animae
1050 1047 1141 1122 ima-

167 1193 293 1292 ginem
319 1189 361 1262 in
398 1214 439 1262 se
466 1186 551 1284 ipse
581 1185 773 1285 exprimat
799 1195 840 1261 et
866 1185 1049 1291 informet
1073 1212 1142 1287 ne·‚¹

167 1353 270 1403 cesse
309 1335 377 1402 est.
444 1325 566 1398 Totus
598 1322 721 1422 igitur
751 1322 795 1422 in
830 1348 934 1396 suam
966 1350 1050 1399 rem
1083 1323 1140 1400 in-

165 1466 358 1557 cumbens,
384 1461 559 1560 vulgaris
586 1460 690 1534 vitae
718 1461 973 1533 avocamentis
992 1470 1032 1534 et
1050 1486 1142 1570 gauf

164 1604 235 1677 diis
276 1613 318 1675 et
356 1596 684 1675 oblectationibus
727 1597 912 1671 lubenter
946 1596 1140 1673 abstinere

164 1741 292 1814 debet.
352 1737 482 1836 Digna
515 1746 603 1809 sunt
630 1761 729 1831 quae
755 1736 833 1832 hnc
859 1734 1139 1812 transferantur

164 1877 282 1951 verba
309 1900 357 1948 er
384 1875 499 1952 Serta.
527 1874 687 1946 asceaco
712 1872 755 1951 in
784 1872 886 1970 Opp.
914 1895 1042 1969 graec.
1072 1871 1138 1948 111.

165 2040 201 2112 p.
224 2013 286 2088 41.
340 2022 404 2112 ἐγὼ
435 2016 531 2108 οἶμαι
563 2019 618 2090 ὅτι
649 2020 707 2089 καὶ
733 2023 780 2110 τῷ
807 2016 896 2089 πάνυ
916 2021 1041 2113 βραχὺν
1062 2025 1142 2092 νοῦν

163 2141 278 2230 &aava
304 2145 404 2232 δῆλον
428 2141 481 2210 ὅτι
504 2122 633 2212 δίκαιον
653 2137 1069 2232 καταφανήσεταιςταῦτα·
1102 2142 1138 2213 ἕν

171 2260 269 2354 όλίγιγ
286 2260 394 2354 χρόνῳ
406 2258 557 2354 ἇθλῆσαι
577 2262 634 2330 καὶ
656 2257 888 2351 ἀγωνίσασθαι
902 2258 1134 2353 καταδρόμεῖν,

165 2382 325 2472 όττωςτὴν
343 2380 434 2473 νίκρν
456 2381 503 2462 εἷς
515 2380 636 2462 αἷιονας
653 2376 785 2473 όρηται·
796 2420 839 2436 -
851 2420 889 2433 —-
903 2419 942 2434 -
966 2379 1052 2451 ἐπὰν
1072 2382 1136 2475 γὰρ

163 2508 233 2584 τοῖς
264 2501 375 2594 ἔργοις
410 2507 480 2582 τοῖς
513 2498 657 2591 ἀγαθοῖς
689 2497 842 2586 σχολάζει
874 2500 931 2568 καὶ
963 2507 1034 2582 τοῖς
1065 2497 1134 2572 ὑπὸ

163 2648 300 2714 γραφαν
310 2623 510 2708 λαλομένοις
520 2618 713 2713 πράγμασιν
723 2620 992 2713 ἒγκατατρίβει*)
1013 2619 1136 2704 πάντες

162 2739 272 2830 λόγοι,
308 2736 384 2830 ἤτοι
411 2741 559 2839 γραφὰιγ
590 2736 668 2845 ἤτοι
701 2739 911 2847 συντάγματα
942 2741 1000 2809 καὶ
1028 2737 1136 2811 αὐτῶν

162 2866 228 2930 τῶν
247 2859 375 2943 ἔξωθεν
407 2857 606 2951 φιλοσόφων
635 2841 752 2948 βίβλοι
770 2862 850 2953 περὶ
881 2858 990 2932 τότων
1015 2857 1136 2954 νεκρά·
1216 2886 1219 2895 ’

160 3006 273 3071 γασιν,
307 2984 408 3047 τιέτον
429 2980 624 3059 ἐπαινὲντες
652 2981 709 3048 καὶ
740 2984 840 3048 τέτσν
872 2976 1043 3070 αὗγὲντες,
1078 2980 1136 3050 καὶ

161 3105 273 3170 πᾶσαι
304 3101 448 3188 γλῶτται
477 3098 557 3190 περὶ
582 3095 666 3166 rare
692 3094 1001 3196 καταμαρτόρονται
1021 3097 1079 3168 τὸν
1099 3098 1135 3167 ἔν

160 3227 232 3300 τοῖς
254 3217 428 3312 πράγμασι
454 3224 520 3286 τῶν
540 3223 677 3313 γραφῶν
698 3225 769 3299 τοῖς
790 3217 900 3312 ἔργοις
922 3219 1131 3293 ὀιατελὲντα·

160 3337 286 3419 ἐκεῖνός
319 3339 388 3407 ἐστι
419 3339 514 3430 παρὰ
546 3343 619 3428 θεῷ
642 3335 774 3432 ἀληθὴς
794 3334 983 3429 φιλόσοφος
1004 3333 1022 3405 ὃ
1045 3333 1132 3408 πόν-

159 3486 239 3528 τοτε
260 3465 334 3540 ταῖς
365 3456 469 3531 {aare}
495 3463 613 3543 κακαῖς
633 3455 835 3547 ἐπιθυμίαις
857 3453 1133 3546 ἀντιτασσόμενος

162 3608 191 3647 κ.
217 3605 245 3646 τ.
268 3581 299 3646 λ.

163 3748 399 3766 Μ

214 3841 241 3908 *)
267 3842 321 3897 Ed.
353 3804 435 3895 Rern.
467 3839 538 3893 male
569 3835 601 3892 ἐν
630 3841 799 3914 κατατρίβει,
837 3841 914 3908 quod
943 3841 1018 3897 omni
1046 3854 1129 3896 sensu

159 3952 247 3998 earet.

938 4050 958 4105 Δ
