2626 4906
162 574 189 650 6

163 781 257 857 inde
293 775 340 853 ab
378 769 715 878 interpretationis
756 769 944 873 simplicis
979 764 1137 850 ineunass

161 920 264 996 bulis
290 944 379 993 cum
404 942 450 993 ea
471 918 551 1014 jam
576 916 803 1012 conjunctos
829 913 970 1009 fuisse3
1002 924 1140 990 contra

164 1058 268 1134 enim
293 1081 425 1132 omnes
445 1065 564 1130 testes
585 1053 760 1130 clamant.
787 1053 844 1148 (v.
859 1076 944 1129 ann.
958 1052 1014 1148 9).
1066 1053 1141 1130 Sin

165 1195 304 1295 aliquis
330 1194 542 1287 exstiterit,
584 1191 768 1290 quicum
792 1190 965 1291 Hugio
1000 1190 1142 1266 audeat

163 1334 308 1427 facere,
334 1331 404 1431 qui
427 1331 575 1432 scripta
599 1330 668 1406 illa
692 1338 782 1430 post
806 1327 1019 1430 Ephraemi
1043 1337 1140 1405 tem-

163 1494 262 1569 pora
288 1493 337 1544 ex
362 1466 697 1570 interpretationis
723 1466 911 1568 simplicis
926 1463 1142 1543 (lodicibus

163 1609 319 1714 demum
345 1608 537 1684 excidisse
563 1606 771 1683 existimata
808 1605 842 1681 is
874 1604 988 1680 adeat
1019 1607 1143 1710 velim

163 1745 472 1822 Guerickium
497 1744 553 1842 ¹²),
584 1770 607 1819 a
632 1768 710 1844 quo
735 1742 840 1819 illud
865 1727 980 1843 quam
1003 1769 1143 1844 parum

163 1894 306 1983 aptum'
319 1883 368 1960 sit
393 1893 552 1986 putare,
574 1879 654 1982 jam
679 1880 985 1958 animadversum
1011 1889 1071 1958 est
1096 1906 1143 1958 ae

162 2030 344 2096 notatum.
407 2023 558 2096 Verum
592 2004 1013 2119 enimvero'equidem
1048 2042 1142 2095 con-

152 2157 298 2255 fiteor,
330 2151 496 2233 difficile
522 2178 606 2233 esse
633 2154 744 2231 dictu
751 2209 764 2251 ,
802 2158 959 2256 quinam
982 2156 1145 2233 tandem

162 2294 247 2368 tons
282 2293 352 2389 sit,
398 2293 505 2370 unda
548 2288 793 2395 Ephraemus
836 2292 910 2369 ista
947 2294 1141 2371 humanit:

162 2440 275 2507 certe
314 2431 420 2509 enim
455 2432 521 2507 de·
540 2433 615 2507 alia
655 2433 821 2532 quadam
856 2431 1052 2509 libro'rum‘
1085 2457 1144 2508 sa·

162 2590 320 2644 erorum
347 2569 672 2669 interpretatione
690 2569 842 2670 syriaca
858 2579 941 2644 tum
955 2569 1145 2670 temporis

162 2707 269 2782 inter
295 2707 418 2807 Syros
443 2707 582 2781 usitata
601 2727 733 2782 omnes
759 2717 891 2782 tacent
912 2675 972 2800 113).
1010 2705 1145 2782 Facile

163 2842 323 2944 quidem
335 2861 469 2919 omnes
480 2845 603 2920 nodos
616 2843 776 2956 solvisse
784 2841 1144 2946 putaritquispiam,

164 2981 197 3057 si
222 2980 484 3081 Ephraemum
516 3007 566 3058 ex
597 2981 748 3084 graecis
785 2981 1045 3083 depromsisse
1071 2981 1144 3058 ista

164 3120 390 3218 autumarit3
435 3121 508 3198 sed
537 3121 752 3197 timendum
778 3129 858 3216 est,
892 3128 939 3196 ut
963 3142 1144 3220 graecam

216 3422 263 3492 12)
281 3427 316 3482 In
333 3419 409 3482 libro
426 3436 513 3495 supra
530 3426 684 3483 memorato
701 3437 730 3499 p.
749 3421 775 3486 Ε
824 3470 828 3476 ,
850 3506 853 3521 μ

217 3560 262 3629 ia)
287 3565 323 3620 cs.
351 3565 540 3622 Commeat.
569 3566 688 3623 critic.
720 3573 749 3635 p.
775 3569 818 3624 1⁰.
834 3550 890 3624 '¹112
942 3549 1143 3624 labefactatur

164 3657 253 3737 igitur
284 3668 309 3724 si
341 3669 499 3738 placuerint
541 3687 613 3739 quae
645 3669 687 3726 ibi
720 3669 923 3740 disputavimus
954 3655 1142 3727 Assemaai

164 3770 273 3840 opinio,
289 3765 325 3827 de
335 3773 478 3830 versione
495 3773 613 3843 quadam
630 3791 668 3828 ex
682 3769 800 3829 Graecis
813 3784 879 3844 apta
893 3785 978 3845 atque
987 3774 1142 3844 Ephraemi

163 3883 294 3946 tenpore
312 3877 421 3945 usitata,
440 3893 521 3947 quam
538 3877 631 3947 attigit
648 3869 678 3933 ia
695 3869 731 3934 'u'
746 3874 857 3935 0.·111.
876 3884 902 3936 1.
921 3882 965 3939 76.
982 3879 1047 3935 eou
1058 3880 1140 3947 1.71;

164 3978 312 4048 utriusque
328 3979 403 4036 enim
420 3981 478 4037 loci
495 3981 537 4037 ibi
554 3972 659 4037 mentio
676 3990 734 4038 aon
751 3991 794 4040 est
811 3983 891 4038 tacta
