2626 4906
161 610 213 688 78

163 835 222 892 tes
248 825 290 891 et
313 811 497 914 mysticae
523 803 855 909 interpretationi,
891 807 938 882 ab
965 807 1132 906 antiqui-

163 967 244 1027 tate
284 963 324 1025 et
360 948 524 1025 ecclesia
558 947 770 1021 orthodoxa
809 945 916 1043 quasi
950 945 1133 1041 sancitae,

165 1091 228 1164 via
255 1114 298 1162 ac
325 1087 475 1161 ratione
501 1087 583 1158 se‘se
609 1083 867 1182 opponebant.
919 1080 1056 1180 Neque
1078 1093 1135 1155 ta-

166 1251 255 1299 men
281 1226 361 1296 laus
389 1222 522 1295 eadem
548 1220 589 1293 in
614 1221 832 1320 Ephraemo
859 1219 988 1294 sobrie
1012 1219 1136 1292 inter-

72 1361 75 1365 ’
165 1360 349 1461 pretandi
374 1359 460 1452 suit,
485 1383 559 1431 nec
588 1383 670 1431 esse
695 1357 836 1457 potuit,
863 1383 980 1455 quum
1003 1357 1137 1429 ortho-

169 1499 305 1571 doxam
329 1496 446 1571 fidem
471 1505 630 1569 strenue
662 1504 963 1569 consectaretur.
1024 1493 1137 1569 Nam-

169 1661 246 1733 que
273 1658 404 1707 omnes
431 1632 498 1729 qui
530 1632 570 1704 in
600 1631 668 1703 illa
693 1630 811 1705 laude
837 1642 947 1704 eraut
972 1628 1138 1704 clarissi-

167 1771 232 1864 mi,
259 1796 279 1843 a
305 1768 569 1844 Conciliorum
593 1767 672 1840 fide
697 1767 918 1867 longissime
943 1793 985 1841 se
1010 1792 1138 1841 remo-

170 1917 325 2000 verunt,
349 1931 423 1980 nec
450 1905 556 2003 quod
582 1905 628 1978 iis
655 1931 797 1978 summo
822 1892 897 1983 suit
923 1903 1089 1997 crimini,
1116 1929 1139 1978 a

151 2055 302 2129 ¹nostro
336 2067 415 2114 non
456 2040 584 2140 potuit
618 2041 951 2115 vehementissime
990 2041 1139 2140 respui,

171 2180 250 2278 qui,
276 2177 310 2252 si
335 2178 634 2276 disputationem
661 2178 711 2250 de
739 2178 869 2252 divina
887 2179 1000 2253 verbi
1012 2179 1139 2253 incar-

172 2316 329 2390 natione
366 2322 517 2389 temere
556 2315 602 2388 ab
649 2314 856 2390 haereticis
908 2315 1142 2416 investigata

172 2452 357 2545 instituit,
401 2450 442 2523 in
476 2450 704 2524 Arianorum
738 2463 779 2525 et
804 2451 1139 2550 Eunomianorum,

171 2590 241 2688 qui
265 2588 469 2664 ecclesiam
495 2598 791 2686 oppresserunt,
827 2589 1031 2689 vituperiis
1058 2617 1142 2667 sae·
1169 2655 1177 2672 .

172 2749 387 2825 penumero
408 2733 466 2798 est
481 2724 754 2798 acerbissimus.
807 2725 888 2800 Jam
901 2754 996 2802 vero
1009 2727 1141 2804 Theo·
1170 2714 1174 2720 ¹

174 2863 290 2935 dorus
315 2860 609 2955 Heracleensis,
649 2861 877 2937 Arianorum
911 2867 1048 2940 turbae
1074 2866 1141 2941 ad-

173 2999 352 3098 scriptus,
385 3025 406 3072 a
432 2997 616 3073 Sardicae
643 3001 803 3100 synodo,
828 3011 1028 3101 postquam
1053 3001 1141 3103 ipse

175 3163 220 3212 ea
245 3135 425 3231 decessit,
451 3136 645 3211 consortio
672 3138 933 3213 ecclesiastico
951 3141 1141 3238 exclusus,

174 3300 335 3349 munere
361 3299 430 3348 suo
467 3273 703 3374 privabatur
720 3301 847 3375 neque
872 3277 995 3351 minus
1020 3277 1142 3356 Euse-

174 3411 281 3503 bius,
320 3409 478 3482 Emesae
505 3411 729 3509 episcopus,
770 3411 1142 3493 aSemiarianorum

88 3604 95 3619 .
174 3546 349 3645 partibus
375 3544 495 3633 stabat
519 3548 574 3640 ⁹⁷).
635 3549 758 3643 Quid,
791 3551 898 3648 quod
923 3574 1052 3626 omnes
1079 3553 1141 3629 illi

176 3682 270 3782 Syri
295 3683 512 3772 Nestoriani
538 3687 695 3780 erroris,
721 3687 789 3788 qui
805 3688 1022 3788 Ephraemo
1040 3715 1142 3765 mor-

177 3984 182 3993 '
229 3993 276 4058 97)
293 3993 449 4063 augusti
467 3995 485 4051 1.
504 3993 523 4050 1.
541 4013 569 4064 p.
587 3999 699 4060 er-ss.
