2626 4906
945 611 1023 690 159

50 818 241 896 vocabula
264 814 490 919 spiritualis,
514 815 670 916 mystici,
696 813 907 913 allegorici,
931 842 1023 892 uuo-

51 956 186 1055 gogici
221 954 327 1029 vices
359 953 465 1028 inter
497 979 539 1026 se
572 962 796 1052 permutent
827 954 1022 1054 saepeque

52 1092 265 1166 indiscreta
291 1091 384 1185 sint;
411 1091 517 1164 illius
542 1089 665 1188 igitur
689 1089 1023 1189 interpretationis

52 1228 264 1328 spiritualis
296 1229 416 1302 forma
451 1227 555 1326 apud
586 1227 846 1325 Ephraemum
876 1228 1023 1328 triplex

54 1377 131 1439 est:
174 1390 335 1464 quarum
373 1363 497 1464 prima
542 1388 590 1437 eo
625 1372 683 1438 est
725 1364 940 1462 descripta,
979 1365 1024 1441 ut

53 1502 270 1601 scripturae
298 1527 427 1576 sacrae
453 1500 679 1600 mysterium
705 1517 829 1609 (agap),
857 1501 940 1577 sive
964 1528 1023 1576 ar-

56 1649 278 1740 gumentum
292 1637 580 1737 propheticum,
603 1639 710 1737 quod
725 1639 800 1712 toti
818 1639 881 1713 illi
897 1639 1024 1717 inesse

56 1802 172 1876 supra
189 1777 246 1874 (p.
268 1775 362 1867 125)
383 1774 560 1868 vidimus,
578 1801 628 1849 ex
644 1775 765 1851 effatis
781 1785 822 1849 et
838 1776 1024 1876 imprimis

56 1912 260 2005 vaticiniis,
274 1911 436 2010 proprie
452 1911 507 1985 sic
521 1912 647 2005 dictis,
666 1912 895 2012 explicetur.
922 1912 1024 1988 Con-

56 2051 188 2124 ficitur
212 2051 333 2123 forma
359 2050 481 2122 altera
507 2074 576 2143 eo,
610 2050 716 2148 quod
741 2075 805 2123 res
830 2050 884 2123 ita
910 2048 1025 2125 intel-

56 2188 245 2286 liguntur,
277 2196 323 2258 ut
348 2172 461 2259 simul
485 2186 755 2285 propheticam
779 2186 1024 2286 significatio·

57 2349 146 2399 nem
180 2323 346 2396 habeant
379 2334 423 2396 et
455 2323 601 2398 futuras
638 2350 702 2399 res
739 2325 1024 2424 praefigurent,

58 2474 174 2560 atque
200 2460 296 2533 haec
323 2461 456 2554 altera,
483 2485 581 2559 quac
606 2461 684 2537 late
710 2472 830 2562 patet,
855 2489 952 2538 vere
967 2471 1026 2537 est

58 2608 99 2672 et
125 2623 147 2672 a
171 2608 303 2670 nostro
338 2597 424 2696 ipso
461 2599 681 2698 appellatur
713 2602 863 2704 typico,
898 2625 1026 2698 quam·
1127 2656 1130 2660 .

59 2761 173 2834 quam
206 2733 254 2807 iis
289 2734 386 2808 locis
421 2736 556 2829 etiam,
601 2736 670 2835 qui
707 2738 750 2811 in
782 2738 891 2836 prius
924 2737 1027 2811 illud

59 2897 183 2977 genus
209 2872 456 2965 conveniunt,
483 2870 703 2947 futurarum
723 2872 871 2947 Christi
895 2900 1027 2949 rerum

22 3083 25 3089 .
59 3019 196 3110 typum
222 3008 346 3083 inesse
373 3034 488 3108 saepe
515 3009 672 3103 dicitur,
710 2988 888 3108 quoniam
914 3035 1027 3085 omne
1121 3000 1124 3006 ⁴

59 3147 105 3224 V.
143 3145 190 3222 T.
234 3147 328 3222 novi
364 3146 551 3221 Foederis
582 3157 700 3247 typus
735 3158 794 3221 est
830 3156 871 3221 et
903 3148 1028 3245 figura

61 3272 163 3377 (auh.
192 3282 299 3377 loo).
360 3283 532 3378 Tertiae,
567 3295 613 3360 ut
637 3309 700 3359 res
726 3277 925 3386 physicae,
950 3286 1028 3360 *vel

61 3420 269 3497 historicae
296 3423 363 3497 vel
388 3421 542 3521 vulgari
567 3422 647 3497 vita
673 3424 911 3521 depromtae,
936 3433 1029 3497 tam·

62 3586 175 3660 quam
199 3559 392 3653 idearum,
428 3583 526 3658 quae
553 3560 602 3633 ad
627 3560 857 3660 religionem
882 3571 923 3634 et
949 3576 1049 3636 moa

62 3698 184 3772 ralem
208 3697 402 3770 hominum
429 3696 692 3772 conditionem
717 3707 903 3796 spectant,
939 3697 1030 3772 ima·

64 3835 173 3934 gines
201 3846 242 3907 et
260 3834 461 3909 involucra
479 3835 730 3935 accipiantur,
757 3845 815 3908 est
834 3834 1028 3930 definiti03

64 3970 161 4045 hanc
188 3971 341 4046 scilicet
364 3971 541 4067 formam,
578 3972 612 4049 si
635 3973 811 4048 induerit
833 3973 1029 4072 interpre-
