2626 4906
172 557 223 637 70
261 554 269 573 ’“

173 761 387 865 probabilis
413 759 603 841 sententia
630 758 864 835 Ernestii
889 757 946 852 8²),
974 756 1042 857 qui
1068 758 1147 833 Eu-

174 901 323 976 sebium
349 900 576 974 Emesenum
611 898 716 971 illius
747 896 921 969 methodi
948 907 1147 970 auctorem

177 1048 293 1134 atque
340 1015 560 1134 principem
601 1035 717 1108 fuisse
756 1042 907 1124 censet,
955 1032 1147 1129 quoniam,

177 1197 403 1271 quamquam
434 1171 626 1245 inciderat
652 1170 882 1244 Theodorus
918 1167 959 1240 in
985 1168 1148 1244 Eusebii

177 1319 360 1401 aetatem,
398 1308 475 1381 hoc
500 1318 648 1402 tamen,
687 1306 729 1379 in
755 1305 1148 1404 qquiinterum

176 1446 301 1520 habeo
329 1445 635 1518 consentientem
661 1443 724 1537 ⁸³),
757 1443 889 1541 paullo
914 1453 1007 1516 natu
1031 1467 1145 1541 gran-

176 1581 267 1672 dior
305 1582 421 1656 suisse
458 1580 626 1654 videtur.
691 1580 818 1677 Hujus
863 1578 985 1677 igitur
1029 1580 1147 1655 aetati

176 1743 320 1818 suppar
352 1717 604 1792 Eusebius
634 1717 710 1792 fuit
750 1716 800 1813 (†
827 1716 944 1810 360),
986 1716 1145 1793 Emesae

178 1856 400 1961 episcopus:
429 1856 537 1951 cujus
564 1878 613 1929 ex
636 1853 818 1929 memoria
837 1854 883 1926 ab
902 1852 1146 1954 Hieronymo

64 2088 68 2097 Ι
175 1992 275 2066 facta
315 2002 356 2064 et
394 2017 442 2065 ex
466 1992 720 2067 monumentis
746 2017 767 2064 a
792 1988 1014 2064 Perillustri
1045 1991 1145 2066 Viro

175 2127 409 2225 Augusti,
435 2128 602 2227 primum
627 2127 804 2203 collectis
831 2137 945 2224 atque
960 2127 1074 2201 editis
1086 2128 1144 2222 64),

75 2360 79 2369 1
176 2263 346 2361 intelligi
371 2263 531 2339 maxime
557 2274 698 2364 potest,
737 2289 824 2339 eum
850 2261 988 2362 generi
1015 2263 1144 2341 eidem

176 2426 335 2498 operam
360 2401 512 2474 dedisse
537 2402 592 2497 85).
646 2405 730 2482 Qua
757 2403 807 2475 de
833 2427 879 2474 re
897 2427 994 2476 vero
1009 2402 1143 2500 paullo

175 2561 244 2610 nos
270 2537 459 2611 certiores
486 2539 578 2611 sacit
604 2539 723 2632 illud,
763 2538 868 2636 quod
906 2539 956 2611 de
993 2564 1040 2612 eo
1074 2538 1144 2636 qui

54 2744 57 2749 ,
174 2671 344 2747 Eusebio
371 2675 565 2770 proximus
591 2675 676 2767 snit,
710 2676 760 2749 de
786 2674 1001 2749 Diodoro
1027 2675 1145 2749 Tar-

175 2809 313 2884 sensi
348 2809 399 2906 (†
430 2811 523 2888 circ.
557 2812 656 2908 394)
705 2812 871 2913 primum
910 2811 1143 2890 Antiochiae

186 2994 403 3008 m

172 3084 274 3141 stantio
291 3085 427 3156 Principe
444 3084 661 3141 Commentarios
678 3085 707 3141 in
723 3086 892 3142 Matthaenm
909 3091 937 3140 et
949 3082 978 3141 in
989 3083 1138 3153 loannem,

172 3199 200 3244 et
217 3190 246 3245 iu
263 3191 437 3260 Apostolum,
456 3189 529 3244 etin
547 3189 725 3244 Psalterium.

222 3327 272 3391 aa)
289 3326 308 3381 1.
325 3326 344 3380 1.
363 3345 391 3395 p.
409 3331 469 3385 na.

221 3465 267 3529 to
284 3454 309 3517 ιζ
323 3462 342 3517 1.
361 3479 389 3532 p.
408 3468 450 3520 13.

216 3600 263 3666 St)
280 3600 397 3656 Eusebii
414 3601 544 3657 Emeseni
561 3619 632 3670 quae
649 3612 798 3672 supersunt
811 3605 953 3675 Opuscula
967 3613 1130 3675 graecaetc.

164 3716 299 3772 expressa
315 3713 343 3758 et
359 3705 461 3760 adnott.
473 3705 536 3761 hist.
548 3715 575 3761 et
589 3705 657 3775 phil.
667 3707 766 3764 illustr.
785 3724 802 3763 a
818 3709 845 3763 J.
865 3710 896 3766 0.
915 3710 950 3765 G.
963 3709 1132 3779 Augusti.

162 3805 320 3863 Elberseldi
340 3811 416 3867 1829.

180 3986 182 3991 ,
213 3946 260 4013 86)
279 3944 430 4015 Augusti
447 3946 465 4003 l.
486 3947 505 4002 l.
527 3965 557 4017 p.
574 3950 633 4007 1⁰2.
651 3965 713 4019 sqq.
731 3966 761 4020 ι).
779 3951 841 4010 119.
