2626 4906
167 553 246 647 21.ss

166 744 401 839 auctoritate
436 730 671 862 plerumqui
716 756 892 853 inducti,
928 781 1141 860 perperam

159 901 295 978 ,adhuc
322 899 586 999 exposuerint,
611 897 734 974 multo
760 896 892 971 verius
911 895 1140 999 intelligun-

166 1048 233 1131 tur
258 1061 437 1135 novaque
465 1037 572 1135 quasi
587 1005 693 1148 'luce¹
714 1036 968 1114 illustrantur.

243 1174 476 1274 Hujusmodi
495 1174 618 1273 igitur
644 1157 801 1273 generis
827 1172 995 1274 primum
1009 1173 1139 1275 singu.

165 1313 250 1390 lare
290 1323 348 1388 est
380 1313 606 1413 Ephraemi
630 1311 830 1407 Scholion,
868 1311 1015 1412 inquo
1041 1337 1138 1392 nou·

84 1496 87 1503 ·
160 1451 266 1526 nihil
293 1450 451 1552 quidem
479 1461 537 1525 est
575 1450 848 1546 dubitationis,
872 1450 964 1525 loco
991 1450 1014 1527 l
1040 1449 1138 1550 Reg.

162 1590 217 1665 12
227 1645 239 1682 ,
267 1589 326 1665 10.
362 1589 617 1686 subjunctum.
696 1589 828 1665 Verba
861 1598 1003 1684 autem,
1036 1613 1139 1686 quae

163 1726 223 1801 ibi
243 1736 402 1819 exstant,
429 1752 450 1801 a
477 1725 715 1801 Gabriele
742 1725 945 1801 Sionita
972 1751 1140 1802 conver.

64 1836 66 1931 ζ
165 1874 302 1938 tuntur
338 1865 442 1939 hunc
468 1863 510 1938 in
543 1865 708 1942 modum.
768 1864 928 1962 Digitus
952 1888 1048 1938 mens
1073 1864 1140 1941 mi·

165 2001 281 2074 rrimus
314 2017 427 2099 (iarn)
452 2003 622 2099 grossior
654 2000 868 2095 (crassior)
904 2014 961 2074 est
993 1999 1140 2105 pollice

164 2143 290 2247 (aqna).
306 2141 438 2242 porris
462 2141 562 2215 anei·
592 2139 738 2216 Contra
772 2146 900 2230 autem
925 2137 1139 2238 llphraemi

167 2287 227 2350 est
264 2277 540 2378 interpretatio
576 2279 692 2354 haec:
727 2275 788 2352 Eo
819 2276 940 2374 major
965 2301 1041 2351 sum
1068 2300 1139 2376 ego

38 2392 41 2396 Δ
158 2429 275 2518 putre
290 2439 422 2492 meooc
438 2417 595 2516 fortior,
612 2440 680 2512 quo
697 2418 826 2514 femur,
851 2427 990 2522 (anaba,
1014 2422 1139 2517 ὂσφυς)

86 2564 88 2568 “
164 2552 284 2649 majus
309 2567 346 2626 et
361 2555 507 2652 fortius
532 2569 588 2629 est
613 2553 735 2652 digito
761 2555 912 2628 minino.
948 2551 1140 2645 Videmus

165 2712 274 2787 ergo,
301 2691 465 2765 verbum
490 2721 592 2785 aasz,
620 2718 669 2766 ex
696 2690 947 2768 Gabrielis
980 2687 1140 2774 Sinni«

26 2899 29 2904 ,
166 2833 243 2898 tae
269 2805 608 2928 interpretatione,
635 2856 747 2930 quam
774 2837 939 2911 sectatus
959 2824 1139 2902 estCas«

165 2963 324 3039 tellus
351 2966 461 3062 (Lex.
490 2988 565 3069 syr.
581 2969 643 3046 ed.
669 2965 935 3043 Michaelis
960 2990 998 3064 p.
1027 2962 1137 3059 437),

164 3101 383 3200 significare
404 3104 587 3209 pollicem.
664 3105 746 3182 Sed
772 3103 1039 3204 quaerendum
1065 3110 1137 3196 est,

164 3264 314 3315 verene
349 3241 405 3336 id,
436 3244 542 3342 quod
574 3243 653 3320 viri
687 3241 796 3318 docti
828 3242 979 3335 volunt,
1005 3237 1137 3338 expri-

163 3399 272 3451 mere
305 3378 347 3452 in
382 3393 512 3456 mente
544 3381 583 3456 ei
618 3381 760 3474 fuerit,
802 3378 870 3479 qui
902 3378 1136 3457 Versionem

149 3510 271 3597 ,istius
303 3516 383 3592 loci
415 3520 601 3619 syriacam
628 3516 897 3619 composuerit.
958 3517 1011 3592 At
1035 3544 1135 3598 vero

162 3648 239 3723 hoc
266 3656 428 3733 maxime
455 3629 576 3733 debet
601 3656 782 3733 dubitari.
834 3654 1006 3731 Primum
1030 3657 1135 3740 enim

165 3791 271 3884 quod
297 3791 494 3894 interpres
519 3797 652 3890 Arabs,
679 3797 747 3895 qui
759 3794 952 3895 potiorem
972 3794 1133 3895 quidem

164 3926 357 4005 librorum
402 3934 675 4010 historicorum
716 3905 883 4036 partem
914 3958 939 4008 e
978 3933 1137 4035 syriaca
