<?xml version="1.0" encoding="UTF-8"?>
<!DOCTYPE html PUBLIC "-//W3C//DTD XHTML 1.0 Transitional//EN"
    "http://www.w3.org/TR/xhtml1/DTD/xhtml1-transitional.dtd">
<html xmlns="http://www.w3.org/1999/xhtml" xml:lang="en" lang="en">
 <head>
  <title>
</title>
<meta http-equiv="Content-Type" content="text/html;charset=utf-8" />
  <meta name='ocr-system' content='tesseract 3.04.00' />
  <meta name='ocr-capabilities' content='ocr_page ocr_carea ocr_par ocr_line ocrx_word'/>
</head>
<body>
  <div class='ocr_page' id='page_1' title='image "./deephraemisyria00lenggoog_0054.png"; bbox 0 0 2626 4906; ppageno 0'>
   <div class='ocr_carea' id='block_1_1' title="bbox 1080 583 1134 663">
    <p class='ocr_par' dir='ltr' id='par_1_1' title="bbox 1080 583 1134 663">
     <span class='ocr_line' id='line_1_1' title="bbox 1080 583 1134 663; baseline 0 0"><span class='ocrx_word' id='word_1_1' title='bbox 1080 583 1134 663; x_wconf 77' lang='lat'><strong>39</strong></span> 
     </span>
    </p>
   </div>
   <div class='ocr_carea' id='block_1_2' title="bbox 160 785 1131 1170">
    <p class='ocr_par' dir='ltr' id='par_1_2' title="bbox 160 785 1131 1170">
     <span class='ocr_line' id='line_1_2' title="bbox 162 785 1131 889; baseline 0.007 -26"><span class='ocrx_word' id='word_1_2' title='bbox 162 789 269 889; x_wconf 91' lang='lat' dir='ltr'><strong>quod</strong></span> <span class='ocrx_word' id='word_1_3' title='bbox 294 785 493 889; x_wconf 87' lang='lat' dir='ltr'><strong>proposui,</strong></span> <span class='ocrx_word' id='word_1_4' title='bbox 520 786 709 885; x_wconf 90' lang='lat' dir='ltr'><strong>suspicari</strong></span> <span class='ocrx_word' id='word_1_5' title='bbox 734 797 881 867; x_wconf 91' lang='lat' dir='ltr'><strong>tantum</strong></span> <span class='ocrx_word' id='word_1_6' title='bbox 905 790 1012 886; x_wconf 89' lang='lat' dir='ltr'><strong>licet,</strong></span> <span class='ocrx_word' id='word_1_7' title='bbox 1041 795 1131 870; x_wconf 86' lang='lat' dir='ltr'><strong>bre-</strong></span> 
     </span>
     <span class='ocr_line' id='line_1_3' title="bbox 161 926 1130 1028; baseline 0.007 -26"><span class='ocrx_word' id='word_1_8' title='bbox 161 929 266 1002; x_wconf 83' lang='lat' dir='ltr'><strong>viter</strong></span> <span class='ocrx_word' id='word_1_9' title='bbox 291 926 516 1024; x_wconf 89' lang='lat' dir='ltr'><strong>cautiusque</strong></span> <span class='ocrx_word' id='word_1_10' title='bbox 542 952 626 1000; x_wconf 90' lang='lat' dir='ltr'><strong>rem</strong></span> <span class='ocrx_word' id='word_1_11' title='bbox 652 927 842 1028; x_wconf 86' lang='lat' dir='ltr'><strong>attingam.</strong></span> <span class='ocrx_word' id='word_1_12' title='bbox 906 930 1016 1009; x_wconf 80' lang='lat' dir='ltr'><strong>Num</strong></span> <span class='ocrx_word' id='word_1_13' title='bbox 1039 932 1130 1008; x_wconf 90' lang='lat' dir='ltr'><strong>Phi-</strong></span> 
     </span>
     <span class='ocr_line' id='line_1_4' title="bbox 160 1062 1130 1170; baseline 0.006 -32"><span class='ocrx_word' id='word_1_14' title='bbox 160 1065 291 1167; x_wconf 90' lang='lat' dir='ltr'><strong>lonem</strong></span> <span class='ocrx_word' id='word_1_15' title='bbox 308 1062 519 1137; x_wconf 88' lang='lat' dir='ltr'><strong>hebraeum</strong></span> <span class='ocrx_word' id='word_1_16' title='bbox 532 1062 664 1162; x_wconf 84' lang='lat' dir='ltr'><strong>igitur,</strong></span> <span class='ocrx_word' id='word_1_17' title='bbox 679 1090 726 1138; x_wconf 93' lang='lat' dir='ltr'><strong>an</strong></span> <span class='ocrx_word' id='word_1_18' title='bbox 741 1065 954 1167; x_wconf 88' lang='lat' dir='ltr'><strong>Origenem</strong></span> <span class='ocrx_word' id='word_1_19' title='bbox 966 1078 1130 1170; x_wconf 85' lang='lat' dir='ltr'><strong>spectet,</strong></span> 
     </span>
    </p>
   </div>
   <div class='ocr_carea' id='block_1_3' title="bbox 163 1184 1235 1300">
    <p class='ocr_par' dir='ltr' id='par_1_3' title="bbox 163 1184 1235 1300">
     <span class='ocr_line' id='line_1_5' title="bbox 163 1184 1235 1300; baseline 0.01 -25"><span class='ocrx_word' id='word_1_20' title='bbox 163 1202 257 1277; x_wconf 92' lang='lat' dir='ltr'><strong>dum</strong></span> <span class='ocrx_word' id='word_1_21' title='bbox 283 1202 354 1276; x_wconf 90' lang='lat' dir='ltr'><strong>sub</strong></span> <span class='ocrx_word' id='word_1_22' title='bbox 380 1198 752 1277; x_wconf 83' lang='lat' dir='ltr'><strong>Commentariorum</strong></span> <span class='ocrx_word' id='word_1_23' title='bbox 776 1203 930 1280; x_wconf 90' lang='lat' dir='ltr'><strong>initium</strong></span> <span class='ocrx_word' id='word_1_24' title='bbox 955 1207 1001 1299; x_wconf 92' lang='grc' dir='ltr'><strong>(Ι.</strong></span> <span class='ocrx_word' id='word_1_25' title='bbox 1017 1206 1053 1283; x_wconf 87' lang='grc'><strong>6.</strong></span> <span class='ocrx_word' id='word_1_26' title='bbox 1067 1208 1130 1300; x_wconf 87' lang='grc' dir='ltr'><strong>Α),</strong></span> <span class='ocrx_word' id='word_1_27' title='bbox 1231 1184 1235 1190; x_wconf 31' lang='lat'>¹</span> 
     </span>
    </p>
   </div>
   <div class='ocr_carea' id='block_1_4' title="bbox 159 1339 1176 3360">
    <p class='ocr_par' dir='ltr' id='par_1_4' title="bbox 159 1339 1176 3360">
     <span class='ocr_line' id='line_1_6' title="bbox 160 1339 1130 1438; baseline 0.004 -24"><span class='ocrx_word' id='word_1_28' title='bbox 160 1339 229 1438; x_wconf 90' lang='lat' dir='ltr'><strong>qui</strong></span> <span class='ocrx_word' id='word_1_29' title='bbox 255 1349 382 1413; x_wconf 90' lang='lat' dir='ltr'><strong>tamen</strong></span> <span class='ocrx_word' id='word_1_30' title='bbox 406 1339 515 1414; x_wconf 90' lang='lat' dir='ltr'><strong>locus</strong></span> <span class='ocrx_word' id='word_1_31' title='bbox 539 1340 639 1414; x_wconf 82' lang='lat' dir='ltr'><strong>infra</strong></span> <span class='ocrx_word' id='word_1_32' title='bbox 658 1365 691 1416; x_wconf 94' lang='lat' dir='ltr'><strong>c.</strong></span> <span class='ocrx_word' id='word_1_33' title='bbox 709 1341 765 1416; x_wconf 85' lang='lat'><strong>111</strong></span> <span class='ocrx_word' id='word_1_34' title='bbox 790 1341 1005 1419; x_wconf 83' lang='lat' dir='ltr'><strong>accuratius</strong></span> <span class='ocrx_word' id='word_1_35' title='bbox 1026 1368 1048 1416; x_wconf 87' lang='lat' dir='ltr'><strong>a</strong></span> <span class='ocrx_word' id='word_1_36' title='bbox 1067 1369 1130 1418; x_wconf 91' lang='lat' dir='ltr'><strong>me</strong></span> 
     </span>
     <span class='ocr_line' id='line_1_7' title="bbox 162 1474 1131 1579; baseline 0.006 -29"><span class='ocrx_word' id='word_1_37' title='bbox 162 1474 382 1575; x_wconf 82' lang='lat' dir='ltr'><strong>explicetur</strong></span> <span class='ocrx_word' id='word_1_38' title='bbox 419 1501 579 1551; x_wconf 89' lang='lat' dir='ltr'><strong>necesse</strong></span> <span class='ocrx_word' id='word_1_39' title='bbox 619 1490 695 1572; x_wconf 91' lang='lat' dir='ltr'><strong>est,</strong></span> <span class='ocrx_word' id='word_1_40' title='bbox 743 1503 810 1553; x_wconf 91' lang='lat' dir='ltr'><strong>eos</strong></span> <span class='ocrx_word' id='word_1_41' title='bbox 846 1479 1022 1578; x_wconf 84' lang='lat' dir='ltr'><strong>castigat,</strong></span> <span class='ocrx_word' id='word_1_42' title='bbox 1062 1480 1131 1579; x_wconf 84' lang='lat' dir='ltr'><strong>qui</strong></span> 
     </span>
     <span class='ocr_line' id='line_1_8' title="bbox 160 1611 1131 1714; baseline 0.004 -27"><span class='ocrx_word' id='word_1_43' title='bbox 160 1611 368 1687; x_wconf 85' lang='lat' dir='ltr'><strong>creationis</strong></span> <span class='ocrx_word' id='word_1_44' title='bbox 407 1613 666 1691; x_wconf 89' lang='lat' dir='ltr'><strong>narrationem</strong></span> <span class='ocrx_word' id='word_1_45' title='bbox 702 1639 779 1713; x_wconf 86' lang='lat' dir='ltr'><strong>per</strong></span> <span class='ocrx_word' id='word_1_46' title='bbox 804 1615 1040 1714; x_wconf 82' lang='lat' dir='ltr'><strong>Allegoriam</strong></span> <span class='ocrx_word' id='word_1_47' title='bbox 1066 1641 1131 1692; x_wconf 82' lang='lat' dir='ltr'><strong>ex-</strong></span> 
     </span>
     <span class='ocr_line' id='line_1_9' title="bbox 160 1749 1133 1851; baseline 0.002 -26"><span class='ocrx_word' id='word_1_48' title='bbox 160 1750 324 1850; x_wconf 87' lang='lat' dir='ltr'><strong>plicent,</strong></span> <span class='ocrx_word' id='word_1_49' title='bbox 350 1749 563 1850; x_wconf 85' lang='lat' dir='ltr'><strong>disceptari</strong></span> <span class='ocrx_word' id='word_1_50' title='bbox 587 1755 718 1850; x_wconf 77' lang='lat' dir='ltr'><strong>possit,</strong></span> <span class='ocrx_word' id='word_1_51' title='bbox 750 1752 930 1851; x_wconf 90' lang='lat' dir='ltr'><strong>quoniam</strong></span> <span class='ocrx_word' id='word_1_52' title='bbox 954 1751 1056 1827; x_wconf 92' lang='lat' dir='ltr'><strong>illud</strong></span> <span class='ocrx_word' id='word_1_53' title='bbox 1082 1755 1133 1827; x_wconf 88' lang='lat' dir='ltr'><strong>ab</strong></span> 
     </span>
     <span class='ocr_line' id='line_1_10' title="bbox 159 1886 1176 1986; baseline 0.005 -25"><span class='ocrx_word' id='word_1_54' title='bbox 159 1898 330 1986; x_wconf 90' lang='lat' dir='ltr'><strong>utroque</strong></span> <span class='ocrx_word' id='word_1_55' title='bbox 375 1886 554 1960; x_wconf 87' lang='lat' dir='ltr'><strong>similiter</strong></span> <span class='ocrx_word' id='word_1_56' title='bbox 597 1888 740 1965; x_wconf 86' lang='lat' dir='ltr'><strong>sactum</strong></span> <span class='ocrx_word' id='word_1_57' title='bbox 778 1913 861 1964; x_wconf 89' lang='lat' dir='ltr'><strong>esse</strong></span> <span class='ocrx_word' id='word_1_58' title='bbox 899 1888 1037 1967; x_wconf 84' lang='lat' dir='ltr'><strong>scimus</strong></span> <span class='ocrx_word' id='word_1_59' title='bbox 1075 1892 1129 1984; x_wconf 83' lang='lat'><strong>⁶⁰).</strong></span> <span class='ocrx_word' id='word_1_60' title='bbox 1173 1911 1176 1915; x_wconf 86' lang='grc'>’</span> 
     </span>
     <span class='ocr_line' id='line_1_11' title="bbox 160 2023 1132 2124; baseline -0.001 -22"><span class='ocrx_word' id='word_1_61' title='bbox 160 2025 245 2102; x_wconf 87' lang='lat' dir='ltr'><strong>Sed</strong></span> <span class='ocrx_word' id='word_1_62' title='bbox 282 2050 439 2124; x_wconf 90' lang='lat' dir='ltr'><strong>quoquo</strong></span> <span class='ocrx_word' id='word_1_63' title='bbox 472 2023 588 2101; x_wconf 91' lang='lat' dir='ltr'><strong>modo</strong></span> <span class='ocrx_word' id='word_1_64' title='bbox 622 2041 706 2100; x_wconf 87' lang='lat' dir='ltr'><strong>sese</strong></span> <span class='ocrx_word' id='word_1_65' title='bbox 740 2026 844 2100; x_wconf 93' lang='lat' dir='ltr'><strong>illud</strong></span> <span class='ocrx_word' id='word_1_66' title='bbox 868 2024 1004 2120; x_wconf 89' lang='lat' dir='ltr'><strong>habet,</strong></span> <span class='ocrx_word' id='word_1_67' title='bbox 1042 2026 1132 2101; x_wconf 89' lang='lat' dir='ltr'><strong>Ori-</strong></span> 
     </span>
     <span class='ocr_line' id='line_1_12' title="bbox 161 2161 1132 2265; baseline 0.002 -28"><span class='ocrx_word' id='word_1_68' title='bbox 161 2162 273 2262; x_wconf 88' lang='lat' dir='ltr'><strong>genis</strong></span> <span class='ocrx_word' id='word_1_69' title='bbox 298 2163 454 2262; x_wconf 89' lang='lat' dir='ltr'><strong>scripta,</strong></span> <span class='ocrx_word' id='word_1_70' title='bbox 481 2161 635 2261; x_wconf 90' lang='lat' dir='ltr'><strong>opinor,</strong></span> <span class='ocrx_word' id='word_1_71' title='bbox 666 2163 771 2238; x_wconf 92' lang='lat' dir='ltr'><strong>haud</strong></span> <span class='ocrx_word' id='word_1_72' title='bbox 795 2189 954 2263; x_wconf 92' lang='lat' dir='ltr'><strong>prorsus</strong></span> <span class='ocrx_word' id='word_1_73' title='bbox 978 2166 1132 2265; x_wconf 85' lang='lat' dir='ltr'><strong>ignora·</strong></span> 
     </span>
     <span class='ocr_line' id='line_1_13' title="bbox 160 2299 1138 2402; baseline 0.002 -27"><span class='ocrx_word' id='word_1_74' title='bbox 160 2300 231 2376; x_wconf 82' lang='lat' dir='ltr'><strong>vit.</strong></span> <span class='ocrx_word' id='word_1_75' title='bbox 282 2299 427 2393; x_wconf 80' lang='lat' dir='ltr'><strong>Facile,</strong></span> <span class='ocrx_word' id='word_1_76' title='bbox 453 2300 588 2394; x_wconf 89' lang='lat' dir='ltr'><strong>credo,</strong></span> <span class='ocrx_word' id='word_1_77' title='bbox 614 2301 762 2375; x_wconf 90' lang='lat' dir='ltr'><strong>etiamsi</strong></span> <span class='ocrx_word' id='word_1_78' title='bbox 780 2300 963 2400; x_wconf 79' lang='lat' dir='ltr'><strong>Origeni&#39;s</strong></span> <span class='ocrx_word' id='word_1_79' title='bbox 989 2301 1138 2402; x_wconf 83' lang='lat' dir='ltr'><strong>placita.</strong></span> 
     </span>
     <span class='ocr_line' id='line_1_14' title="bbox 159 2437 1132 2538; baseline 0.001 -27"><span class='ocrx_word' id='word_1_80' title='bbox 159 2438 237 2536; x_wconf 88' lang='lat' dir='ltr'><strong>jam</strong></span> <span class='ocrx_word' id='word_1_81' title='bbox 267 2445 387 2512; x_wconf 91' lang='lat' dir='ltr'><strong>totam</strong></span> <span class='ocrx_word' id='word_1_82' title='bbox 417 2437 592 2513; x_wconf 88' lang='lat' dir='ltr'><strong>Orientis</strong></span> <span class='ocrx_word' id='word_1_83' title='bbox 629 2440 783 2538; x_wconf 87' lang='lat' dir='ltr'><strong>plagam</strong></span> <span class='ocrx_word' id='word_1_84' title='bbox 816 2463 894 2514; x_wconf 93' lang='lat' dir='ltr'><strong>non</strong></span> <span class='ocrx_word' id='word_1_85' title='bbox 932 2462 1132 2538; x_wconf 85' lang='lat' dir='ltr'><strong>peragras·</strong></span> 
     </span>
     <span class='ocr_line' id='line_1_15' title="bbox 162 2565 1132 2676; baseline 0 -27"><span class='ocrx_word' id='word_1_86' title='bbox 162 2585 260 2669; x_wconf 89' lang='lat' dir='ltr'><strong>sent,</strong></span> <span class='ocrx_word' id='word_1_87' title='bbox 287 2565 432 2667; x_wconf 72' lang='lat' dir='ltr'><strong>euenit,</strong></span> <span class='ocrx_word' id='word_1_88' title='bbox 457 2585 502 2649; x_wconf 92' lang='lat' dir='ltr'><strong>ut</strong></span> <span class='ocrx_word' id='word_1_89' title='bbox 526 2600 601 2676; x_wconf 90' lang='lat' dir='ltr'><strong>per</strong></span> <span class='ocrx_word' id='word_1_90' title='bbox 626 2575 808 2650; x_wconf 91' lang='lat' dir='ltr'><strong>Basilium</strong></span> <span class='ocrx_word' id='word_1_91' title='bbox 833 2585 874 2648; x_wconf 91' lang='lat' dir='ltr'><strong>et</strong></span> <span class='ocrx_word' id='word_1_92' title='bbox 899 2575 1132 2674; x_wconf 85' lang='lat' dir='ltr'><strong>Gregorium</strong></span> 
     </span>
     <span class='ocr_line' id='line_1_16' title="bbox 162 2711 1132 2812; baseline -0.003 -23"><span class='ocrx_word' id='word_1_93' title='bbox 162 2711 458 2805; x_wconf 82' lang='lat' dir='ltr'><strong>Nazianzenmu,</strong></span> <span class='ocrx_word' id='word_1_94' title='bbox 483 2738 560 2810; x_wconf 90' lang='lat' dir='ltr'><strong>quo</strong></span> <span class='ocrx_word' id='word_1_95' title='bbox 586 2724 755 2812; x_wconf 90' lang='lat' dir='ltr'><strong>utroque</strong></span> <span class='ocrx_word' id='word_1_96' title='bbox 780 2711 1022 2787; x_wconf 84' lang='lat' dir='ltr'><strong>familiariter</strong></span> <span class='ocrx_word' id='word_1_97' title='bbox 1047 2722 1132 2786; x_wconf 89' lang='lat' dir='ltr'><strong>ute·-</strong></span> 
     </span>
     <span class='ocr_line' id='line_1_17' title="bbox 162 2847 1135 2953; baseline -0.001 -29"><span class='ocrx_word' id='word_1_98' title='bbox 162 2858 287 2943; x_wconf 88' lang='lat' dir='ltr'><strong>retur,</strong></span> <span class='ocrx_word' id='word_1_99' title='bbox 313 2849 365 2923; x_wconf 91' lang='lat' dir='ltr'><strong>de</strong></span> <span class='ocrx_word' id='word_1_100' title='bbox 391 2849 461 2953; x_wconf 83' lang='lat' dir='ltr'><strong>illo</strong></span> <span class='ocrx_word' id='word_1_101' title='bbox 487 2849 647 2924; x_wconf 84' lang='lat' dir='ltr'><strong>sanioris</strong></span> <span class='ocrx_word' id='word_1_102' title='bbox 672 2847 1004 2948; x_wconf 78' lang='lat' dir='ltr'><strong>interpretationis</strong></span> <span class='ocrx_word' id='word_1_103' title='bbox 1026 2849 1135 2947; x_wconf 88' lang='lat' dir='ltr'><strong>prin-</strong></span> 
     </span>
     <span class='ocr_line' id='line_1_18' title="bbox 163 2984 1134 3085; baseline 0 -25"><span class='ocrx_word' id='word_1_104' title='bbox 163 2984 255 3085; x_wconf 91' lang='lat' dir='ltr'><strong>cipe</strong></span> <span class='ocrx_word' id='word_1_105' title='bbox 288 2997 404 3084; x_wconf 90' lang='lat' dir='ltr'><strong>atque</strong></span> <span class='ocrx_word' id='word_1_106' title='bbox 436 2986 645 3060; x_wconf 91' lang='lat' dir='ltr'><strong>inventore</strong></span> <span class='ocrx_word' id='word_1_107' title='bbox 684 2999 725 3059; x_wconf 89' lang='lat' dir='ltr'><strong>et</strong></span> <span class='ocrx_word' id='word_1_108' title='bbox 767 2984 819 3059; x_wconf 86' lang='lat' dir='ltr'><strong>de</strong></span> <span class='ocrx_word' id='word_1_109' title='bbox 853 2986 1008 3084; x_wconf 87' lang='lat' dir='ltr'><strong>scriptis</strong></span> <span class='ocrx_word' id='word_1_110' title='bbox 1050 2987 1134 3084; x_wconf 88' lang='lat' dir='ltr'><strong>ejus</strong></span> 
     </span>
     <span class='ocr_line' id='line_1_19' title="bbox 165 3090 1133 3220; baseline -0.001 -23"><span class='ocrx_word' id='word_1_111' title='bbox 165 3090 380 3197; x_wconf 90' lang='lat' dir='ltr'><strong>accuratius</strong></span> <span class='ocrx_word' id='word_1_112' title='bbox 407 3122 662 3217; x_wconf 89' lang='lat' dir='ltr'><strong>edoceretur,</strong></span> <span class='ocrx_word' id='word_1_113' title='bbox 700 3121 892 3220; x_wconf 89' lang='lat' dir='ltr'><strong>siquidem</strong></span> <span class='ocrx_word' id='word_1_114' title='bbox 924 3121 967 3197; x_wconf 90' lang='lat' dir='ltr'><strong>hi</strong></span> <span class='ocrx_word' id='word_1_115' title='bbox 999 3122 1133 3196; x_wconf 86' lang='lat' dir='ltr'><strong>dumn-</strong></span> 
     </span>
     <span class='ocr_line' id='line_1_20' title="bbox 165 3255 1135 3360; baseline 0 -25"><span class='ocrx_word' id='word_1_116' title='bbox 165 3259 243 3335; x_wconf 85' lang='lat' dir='ltr'><strong>viri</strong></span> <span class='ocrx_word' id='word_1_117' title='bbox 269 3257 613 3336; x_wconf 86' lang='lat' dir='ltr'><strong>Chrestomathiam</strong></span> <span class='ocrx_word' id='word_1_118' title='bbox 646 3259 834 3360; x_wconf 87' lang='lat' dir='ltr'><strong>quandam</strong></span> <span class='ocrx_word' id='word_1_119' title='bbox 867 3283 915 3335; x_wconf 83' lang='lat' dir='ltr'><strong>ex</strong></span> <span class='ocrx_word' id='word_1_120' title='bbox 940 3255 1135 3360; x_wconf 81' lang='lat' dir='ltr'><strong>Origenes</strong></span> 
     </span>
    </p>
   </div>
   <div class='ocr_carea' id='block_1_5' title="bbox 168 3462 415 3476">
    <p class='ocr_par' dir='ltr' id='par_1_5' title="bbox 168 3462 415 3476">
     <span class='ocr_line' id='line_1_21' title="bbox 168 3462 415 3476; baseline 0 -2"><span class='ocrx_word' id='word_1_121' title='bbox 168 3462 415 3476; x_wconf 53' lang='grc' dir='ltr'>Ἢ</span> 
     </span>
    </p>
   </div>
   <div class='ocr_carea' id='block_1_6' title="bbox 168 3565 1209 3949">
    <p class='ocr_par' dir='ltr' id='par_1_6' title="bbox 168 3565 1209 3949">
     <span class='ocr_line' id='line_1_22' title="bbox 216 3565 1135 3641; baseline -0.01 -11"><span class='ocrx_word' id='word_1_122' title='bbox 216 3574 263 3634; x_wconf 81' lang='grc'><strong>60)</strong></span> <span class='ocrx_word' id='word_1_123' title='bbox 281 3571 326 3626; x_wconf 86' lang='lat' dir='ltr'><strong>De</strong></span> <span class='ocrx_word' id='word_1_124' title='bbox 344 3571 501 3641; x_wconf 83' lang='lat' dir='ltr'><strong>Origene</strong></span> <span class='ocrx_word' id='word_1_125' title='bbox 516 3589 543 3626; x_wconf 89' lang='lat' dir='ltr'><strong>v.</strong></span> <span class='ocrx_word' id='word_1_126' title='bbox 561 3571 623 3638; x_wconf 88' lang='lat' dir='ltr'><strong>ejus</strong></span> <span class='ocrx_word' id='word_1_127' title='bbox 640 3569 704 3625; x_wconf 87' lang='lat' dir='ltr'><strong>libr.</strong></span> <span class='ocrx_word' id='word_1_128' title='bbox 715 3572 760 3625; x_wconf 73' lang='lat' dir='ltr'><strong>&#39;de</strong></span> <span class='ocrx_word' id='word_1_129' title='bbox 777 3568 897 3638; x_wconf 85' lang='lat' dir='ltr'><strong>princip.</strong></span> <span class='ocrx_word' id='word_1_130' title='bbox 907 3586 973 3640; x_wconf 86' lang='lat' dir='ltr'><strong>opp.</strong></span> <span class='ocrx_word' id='word_1_131' title='bbox 984 3568 1027 3622; x_wconf 89' lang='lat' dir='ltr'><strong>ed.</strong></span> <span class='ocrx_word' id='word_1_132' title='bbox 1043 3565 1084 3621; x_wconf 85' lang='lat' dir='ltr'><strong>de</strong></span> <span class='ocrx_word' id='word_1_133' title='bbox 1100 3567 1135 3621; x_wconf 78' lang='lat' dir='ltr'><strong>lo</strong></span> 
     </span>
     <span class='ocr_line' id='line_1_23' title="bbox 168 3667 1135 3742; baseline -0.003 -16"><span class='ocrx_word' id='word_1_134' title='bbox 168 3672 242 3728; x_wconf 87' lang='lat' dir='ltr'><strong>Rue</strong></span> <span class='ocrx_word' id='word_1_135' title='bbox 266 3676 301 3730; x_wconf 89' lang='lat' dir='ltr'><strong>T.</strong></span> <span class='ocrx_word' id='word_1_136' title='bbox 328 3676 368 3730; x_wconf 88' lang='grc' dir='ltr'><strong>ΙΙ.</strong></span> <span class='ocrx_word' id='word_1_137' title='bbox 400 3693 429 3742; x_wconf 87' lang='lat' dir='ltr'><strong>p.</strong></span> <span class='ocrx_word' id='word_1_138' title='bbox 457 3677 517 3731; x_wconf 72' lang='lat'>175.</span> <span class='ocrx_word' id='word_1_139' title='bbox 550 3708 583 3720; x_wconf 89' lang='lat'>-</span> <span class='ocrx_word' id='word_1_140' title='bbox 617 3674 662 3727; x_wconf 87' lang='lat' dir='ltr'><strong>De</strong></span> <span class='ocrx_word' id='word_1_141' title='bbox 696 3673 819 3727; x_wconf 86' lang='lat' dir='ltr'><strong>Philone</strong></span> <span class='ocrx_word' id='word_1_142' title='bbox 852 3672 949 3727; x_wconf 84' lang='lat' dir='ltr'><strong>videas</strong></span> <span class='ocrx_word' id='word_1_143' title='bbox 984 3667 1135 3725; x_wconf 85' lang='lat' dir='ltr'><strong>Heurici</strong></span> 
     </span>
     <span class='ocr_line' id='line_1_24' title="bbox 168 3773 1134 3845; baseline -0.003 -17"><span class='ocrx_word' id='word_1_144' title='bbox 168 3775 304 3832; x_wconf 82' lang='lat' dir='ltr'><strong>l&#39;lanck</strong></span> <span class='ocrx_word' id='word_1_145' title='bbox 332 3777 595 3832; x_wconf 81' lang='lat' dir='ltr'><strong>commentationem</strong></span> <span class='ocrx_word' id='word_1_146' title='bbox 621 3778 656 3829; x_wconf 87' lang='lat' dir='ltr'><strong>de</strong></span> <span class='ocrx_word' id='word_1_147' title='bbox 682 3775 830 3845; x_wconf 89' lang='lat' dir='ltr'><strong>principiis</strong></span> <span class='ocrx_word' id='word_1_148' title='bbox 855 3783 883 3830; x_wconf 82' lang='lat' dir='ltr'><strong>et</strong></span> <span class='ocrx_word' id='word_1_149' title='bbox 910 3774 1016 3830; x_wconf 83' lang='lat' dir='ltr'><strong>caussis</strong></span> <span class='ocrx_word' id='word_1_150' title='bbox 1032 3773 1134 3842; x_wconf 85' lang='lat' dir='ltr'><strong>interp.</strong></span> 
     </span>
     <span class='ocr_line' id='line_1_25' title="bbox 168 3876 1209 3949; baseline 0.002 -17"><span class='ocrx_word' id='word_1_151' title='bbox 168 3879 351 3935; x_wconf 83' lang='lat' dir='ltr'><strong>Philonianae</strong></span> <span class='ocrx_word' id='word_1_152' title='bbox 378 3880 559 3948; x_wconf 53' lang='lat' dir='ltr'><strong>allegoricae,</strong></span> <span class='ocrx_word' id='word_1_153' title='bbox 598 3878 736 3949; x_wconf 83' lang='lat' dir='ltr'><strong>(Gotting.</strong></span> <span class='ocrx_word' id='word_1_154' title='bbox 765 3879 942 3936; x_wconf 78' lang='lat' dir='ltr'><strong>clolocccvr.</strong></span> <span class='ocrx_word' id='word_1_155' title='bbox 975 3880 1004 3941; x_wconf 83' lang='lat'><strong>8)</strong></span> <span class='ocrx_word' id='word_1_156' title='bbox 1039 3876 1062 3943; x_wconf 70' lang='lat' dir='ltr'><strong>l·</strong></span> <span class='ocrx_word' id='word_1_157' title='bbox 1092 3877 1135 3934; x_wconf 71' lang='lat' dir='ltr'><strong>dl·</strong></span> <span class='ocrx_word' id='word_1_158' title='bbox 1206 3909 1209 3915; x_wconf 94' lang='lat'>·</span> 
     </span>
    </p>
   </div>
   <div class='ocr_carea' id='block_1_7' title="bbox 168 3989 328 4053">
    <p class='ocr_par' dir='ltr' id='par_1_7' title="bbox 168 3989 328 4053">
     <span class='ocr_line' id='line_1_26' title="bbox 168 3989 328 4053; baseline -0.013 0"><span class='ocrx_word' id='word_1_159' title='bbox 168 3999 196 4053; x_wconf 72' lang='lat' dir='ltr'><strong>a·</strong></span> <span class='ocrx_word' id='word_1_160' title='bbox 216 3989 251 4041; x_wconf 79' lang='lat'><strong>53</strong></span> <span class='ocrx_word' id='word_1_161' title='bbox 268 4001 328 4052; x_wconf 80' lang='lat' dir='ltr'><strong>sm·</strong></span> 
     </span>
    </p>
   </div>
   <div class='ocr_carea' id='block_1_8' title="bbox 0 0 1320 4906">
    <p class='ocr_par' dir='ltr' id='par_1_8' title="bbox 0 0 1320 4906">
     <span class='ocr_line' id='line_1_27' title="bbox 0 0 1320 4906; baseline 0 0"><span class='ocrx_word' id='word_1_162' title='bbox 0 0 1320 4906; x_wconf 95' lang='lat' dir='ltr'><strong> </strong></span> 
     </span>
    </p>
   </div>
  </div>
 </body>
</html>
