2626 4906
137 834 165 899 §.
186 832 231 889 16.
283 827 316 885 B.
334 825 475 883 Eusebius
484 822 689 891 caesareensis,
715 824 893 891 Athanasius,
911 825 966 880 Ba-

318 898 414 964 silius,
444 897 601 964 Gregorius
624 896 819 949 Nazianzenus
844 906 872 948 et
894 896 967 949 Gre-

341 967 420 1021 orius
449 968 610 1046 Npssenus,
640 965 827 1033 origenianae
853 966 972 1029 tutionis

320 984 543 1090 hermeneutrcse
560 1042 711 1088 sectatores
750 1073 971 1091 .........
988 1046 1056 1106 pagi
1082 1034 1121 1094 '64

149 1163 165 1194 s
187 1142 235 1200 16.
253 1136 410 1194 Transitus.
435 1137 586 1206 llphraemi
605 1138 676 1190 ratio
694 1137 808 1191 multum
825 1153 842 1192 s
866 1153 969 1207 graece

251 1210 303 1264 illa
318 1208 422 1262 differt.
458 1206 531 1259 Tota
548 1206 770 1274 discrepantiae,
793 1223 865 1274 quae
883 1208 969 1261 inter·

250 1276 336 1332 cessit
364 1275 438 1329 inter
463 1274 616 1343 Ephrsemi
647 1284 675 1329 et
698 1276 773 1329 iuter
799 1276 970 1330 Graecorum

250 1346 387 1401 rationem
405 1341 638 1397 hermeneuticsm
656 1344 792 1412 quaestio,
816 1344 882 1399 inde
900 1363 969 1413 pen·

252 1417 310 1480 det,
329 1413 377 1482 qui
402 1413 569 1478 scholarum
587 1411 689 1478 quibus
706 1413 843 1468 Ammaes
864 1414 970 1480 floruit,

252 1483 338 1539 luerit
354 1481 467 1537 habitus
483 1491 512 1535 et
529 1481 654 1535 conditio
689 1520 967 1539 ...........
1023 1505 1036 1536 s
1088 1486 1123 1541 57

151 1612 164 1639 s
187 1591 237 1646 17.
272 1587 312 1642 11.
332 1588 377 1642 Dc
393 1584 495 1640 scholis
512 1584 658 1639 Armentis
673 1585 822 1641 disseritur
827 1624 970 1642 ......
978 1596 983 1603 ’
1026 1608 1036 1637 ³
1089 1591 1125 1646 59

251 1695 278 1750 l.
298 1687 467 1745 Generatim.
494 1686 680 1742 Liberalioris
695 1687 868 1745 sobriorisue
882 1689 969 1744 inter·

288 1757 452 1830 prelationis
467 1755 542 1811 inter
552 1759 703 1811 Aramaeos
715 1758 840 1825 origines
854 1768 882 1812 et
891 1760 972 1827 adju-

288 1839 388 1883 menta.
425 1827 529 1883 Fontes
553 1829 614 1893 eJ'us
637 1835 694 1879 tres
716 1826 889 1894 potissimum
907 1838 971 1883 suut
1027 1874 1030 1879 .
1074 1870 1079 1889 -.

288 1900 316 1962 a)
335 1895 478 1964 origenis,
505 1895 643 1949 sobrioris
661 1895 883 1949 hermeneuticae
900 1897 970 1950 artis

287 1966 367 2035 qussi
385 1963 550 2026 inventoris,
569 1961 698 2016 studium.
740 1965 770 2029 b)
788 1963 970 2030 Linguarum‚

288 2036 392 2104 quibus
416 2032 545 2086 hramnei
570 2033 731 2098 utebantur,
764 2048 826 2086 cum
849 2034 970 2088 hebraea

287 2105 386 2160 intima
399 2101 533 2169 cognitio.
570 2103 597 2166 c)
613 2100 793 2167 Judaeorum,
808 2119 890 2156 unum
906 2121 970 2157 ver·
1071 2137 1079 2159 t

289 2175 379 2228 halem
397 2173 553 2241 scripturae
567 2187 663 2227 sacrae
676 2187 786 2229 sensum
798 2172 970 2239 sectantium,

288 2241 469 2298 consuetudo.
1072 2246 1075 2255 ·

166 2370 177 2397 ι
196 2350 239 2408 18.
262 2349 289 2405 2.
305 2343 468 2413 speciatim.
505 2344 622 2416 Sejungi
640 2346 743 2402 debent
759 2348 882 2412 scholae,
901 2360 972 2415 quae

288 2414 433 2540 {lilith
452 2416 487 2540 ‚¹³3
505 2415 542 2540 ‚³¹5
557 2417 679 2541 tlt}
694 2416 971 2543 ltttttlflt
1045 2444 1078 2481 ³'

162 2611 174 2641 ι
194 2592 239 2648 19.
266 2591 295 2653 s)
313 2591 357 2643 De
366 2590 494 2654 Surorum
508 2588 565 2642 siue
580 2589 690 2643 scholae
701 2590 885 2644 Antiochense
898 2589 973 2644 circa

290 2658 442 2730 Ephraemi
472 2668 598 2724 tempora
624 2657 826 2725 interpretandi
853 2660 971 2723 ratione,

289 2728 419 2784 nimirum
462 2727 813 2795 historico-grammatica.
867 2728 973 2781 Paulus

289 2797 492 2852 Sumosstenus.
512 2795 682 2850 Dorotheus.
705 2797 857 2852 Lucienus.
877 2797 988 2850 Theo--

288 2866 376 2920 dorus
394 2864 598 2920 Heracleensis.
643 2866 785 2920 Eusebius
807 2866 970 2921 Emesenus.

290 2935 434 2990 Diodorus
451 2933 620 2990 Tarsensis.
639 2974 647 2989 .
666 2974 674 2989 .
694 2932 702 2990 ζ
721 2974 971 2991 ..........

162 3042 242 3099 22⁰.
260 3037 414 3094 Transitus.
455 3036 643 3104 EphrsemuS‚
675 3037 861 3092 orthodoxam
888 3037 973 3092 fidem
1008 3058 1013 3065 ·
1072 3038 1078 3047 '

210 3152 213 3157 .
258 3117 370 3178 strenue
386 3106 543 3177 amplexus,
561 3107 596 3160 ab
613 3106 789 3162 Antiocheno
807 3123 886 3163 more
902 3108 974 3162 mul·
1071 3162 1075 3169 ,

260 3187 318 3232 tum
334 3173 463 3257 discessit
479 3213 972 3232 ...................
1009 3174 1013 3185 “

166 3265 244 3341 sil.
270 3268 306 3346 ht'
326 3280 372 3334 De
397 3278 510 3334 scholis
524 3278 553 3332 in
577 3276 780 3347 Mesopotamia
803 3278 973 3344 florentibus,
1017 3298 1028 3307 ··
1073 3275 1076 3283 '

278 3365 365 3417 »quse
388 3349 505 3403 mediam
524 3348 661 3415 quandem
685 3348 757 3403 viam
775 3347 849 3403 inter
866 3349 973 3417 allego-

293 3419 380 3499 ricam
406 3427 434 3472 et
456 3417 596 3471 verbalem
619 3415 649 3473 S.
668 3414 698 3473 S.
717 3417 973 3489 interpretationem

291 3496 467 3541 nucessmunt
482 3524 973 3545 ...................

280 3600 283 3605 .
327 3558 358 3612 ut
373 3554 496 3609 Scholae
512 3553 672 3610 Nisibenae.

328 3627 359 3693 ρ)
377 3622 496 3678 Scholse
514 3624 690 3690 Edessensc,
717 3639 786 3692 quas
804 3625 877 3680 inter
893 3642 975 3679 eccu-

365 3693 452 3748 rstius
470 3691 574 3747 dicitur
591 3692 627 3745 de
644 3710 686 3754 ea,
706 3710 776 3761 quse
793 3697 829 3748 ab
847 3696 975 3763 Ephrae·

362 3779 409 3816 mo
426 3771 468 3816 est
484 3761 640 3815 constituta.
672 3762 743 3829 lljus
757 3763 901 3816 methodus
917 3774 975 3817 stu·

361 3831 489 3894 diorum,
512 3830 648 3900 imprimis
671 3831 854 3900 Theologiue.
889 3833 976 3886 Nota·

365 3901 456 3954 tiones
478 3898 627 3954 historicae
648 3901 684 3953 de
701 3901 853 3968 Ephraemi
871 3901 975 3958 schola.

366 3969 411 4043 De
428 3969 579 4044 Ephrsemi
597 3967 743 4041 discipulis
752 4009 974 4029 .........
1030 3990 1042 4024 r
1067 3972 1070 3979 ‘
1093 3974 1132 4032 82
