2626 4906
957 607 1036 686 243

57 820 110 896 re)
134 809 305 898 impletam
328 809 436 875 fuisse
468 808 596 903 domini
628 807 853 891 voluntatem,
879 807 1037 879 Rebecae

59 933 249 1013 (oraculum
272 930 474 1010 consulenti)
506 927 749 1015 significatam:
784 930 923 1014 deinde,
955 936 1038 1016 quia

57 1055 192 1121 Jacobo
215 1053 365 1121 dixerat:
397 1049 457 1136 qui
479 1049 718 1116 maledixerint
740 1050 815 1132 tibi,
843 1056 912 1118 sint
934 1055 1037 1120 niele·

54 1175 160 1241 dicti:
192 1171 325 1238 Timuit
346 1170 470 1255 igitur,
504 1190 565 1252 ne,
601 1171 632 1236 si
660 1173 880 1237 malediceret
910 1174 960 1256 ei,
995 1192 1037 1240 ea

53 1291 292 1361 maledictione
313 1309 381 1355 non
401 1271 588 1373 (iacobum,
619 1290 677 1357 cui
701 1290 1036 1376 antebenedixerat,

53 1414 220 1494 afficeret,
234 1411 296 1476 sed
308 1410 502 1475 maledictio
519 1407 688 1476 labiorum
709 1427 846 1478 suorum
867 1413 904 1478 in
924 1416 1037 1498 ipsum

55 1554 152 1601 suum
166 1537 266 1616 caput
274 1535 539 1598 converteretur.
557 1529 640 1616 Cap.
654 1532 710 1615 28,
723 1533 775 1599 12.
790 1531 922 1599 Scalam
935 1552 1037 1620 quarn

52 1657 142 1722 vidit
153 1651 361 1730 (Jacobusin
379 1653 534 1730 somnio),
547 1657 687 1737 propter
698 1655 895 1738 angelorum
917 1671 1035 1722 ascen-

53 1795 128 1842 sum
169 1779 202 1838 et
241 1772 440 1837 descensum
480 1772 580 1839 vidit.
645 1769 748 1850 Quod
780 1784 891 1840 autem
925 1774 1038 1860 angeli

54 1891 305 1961 descendebant
339 1896 373 1956 et
404 1891 630 1957 ascendebant
671 1891 716 1957 ad
748 1912 842 1975 enm,
885 1900 1040 1980 tempore

54 2016 194 2096 somnii,
208 2012 321 2089 (deus)
343 2010 522 2077 manifesto
543 1999 739 2096 significare
760 2015 880 2096 voluit,
903 2036 1039 2081 manum

55 2134 293 2221 providentiae
322 2131 453 2199 versari
486 2150 589 2217 super
618 2153 711 2231 enin,
745 2155 853 2219 nequo
875 2134 984 2200 solum
1006 2117 1037 2202 si

56 2260 128 2342 ipse
159 2255 223 2319 siti
244 2253 396 2336 vigilaret
422 2250 503 2335 Ἠ7),“
525 2269 600 2319 eurn
623 2272 753 2319 curare.
783 2250 976 2320 Ecceeninr
999 2257 1040 2323 in

54 2375 190 2444 somnio
213 2377 288 2457 ejus
313 2374 416 2439 etiam
437 2372 547 2456 angeli
569 2372 641 2456 illi,
665 2372 788 2459 quibus
810 2375 853 2441 de
874 2397 915 2442 eo
939 2396 1034 2445 man-

54 2498 172 2562 datum
205 2496 337 2575 suerat,
379 2490 628 2560 descendebant
667 2500 702 2561 et
734 2496 959 2561 ascendebant
991 2493 1037 2563 ad

54 2612 246 2686 custodiam
268 2615 352 2698 ejus
398 2613 653 2680 Providentiam
679 2614 767 2681 enim
791 2615 1035 2701 absconditam,

58 2756 146 2824 quae
168 2753 334 2820 argaeum
357 2731 551 2815 (Jacobum)
574 2731 653 2816 snit,
675 2734 809 2802 visione
831 2739 943 2804 scalae
956 2749 1037 2813 maa

56 2858 187 2924 nifesto
211 2853 323 2936 (deus)
346 2852 533 2920 declaravit
553 2853 595 2919 ei.
621 2887 660 2904 ·-
691 2858 745 2936 31,
768 2856 822 2922 48.
866 2854 1033 2939 Acerras,

56 2979 117 3065 qui
141 2997 163 3042 a
183 2972 338 3067 pluribus
360 2979 552 3040 exstructus
582 2978 651 3056 est,
685 2974 783 3060 qnasi
812 2994 856 3041 ex
884 2974 1035 3060 plurium

56 3088 226 3179 (testium)
259 3116 318 3160 ore
347 3099 466 3178 arguet
486 3113 582 3176 enm,
615 3096 676 3180 qni
696 3095 818 3164 foedus
839 3095 1032 3179 violaverit,
1083 3128 1087 3132 ·

57 3217 152 3306 quod
172 3214 379 3282 sancivimus
400 3221 478 3281 ante
498 3213 624 3301 plures.

54 3406 289 3430 ...α-ιαμ...

111 3537 177 3602 27⁷>
195 3520 294 3630 ψῃ
321 3536 368 3594 bic·
386 3549 513 3610 apertum
537 3547 580 3598 est
613 3536 788 3612 significaret
815 3540 844 3598 in
867 3546 941 3599 clato
958 3538 1033 3613 vigi·

57 3643 153 3707 lontio,
163 3641 391 3709 quemadmodum
406 3645 464 3712 jam
482 3641 553 3700 vidit
570 3643 762 3701 Michaelis
780 3642 815 3701 ad
833 3646 1032 3717 caenobii.

59 3742 254 3799 Memorabilis
272 3753 364 3820 alitent
373 3730 422 3829 ‚est
439 3744 519 3803 verbi
528 3746 604 3814 mim
623 3760 688 3804 usus
707 3744 818 3806 inloto
837 3751 926 3820 Ephr.
946 3753 969 3806 1.
988 3754 1031 3807 25.

60 3847 103 3902 F:
122 3848 268 3904 verisimile
285 3854 338 3917 ecl,
363 3846 468 3907 Adumn
491 3847 583 3918 (cujus
608 3848 643 3906 de
661 3853 745 3907 costis
769 3866 848 3908 unam
872 3855 935 3908 tulit
952 3853 1033 3919 dens)

61 3968 112 4020 per
128 3952 213 4007 uirum
223 3954 321 4021 surbac
339 3954 479 4023 abjectum,
496 3952 567 4022 quod
590 3958 651 4010 tunc
668 3952 766 4034 &rign
784 3952 814 4012 r'n
831 3953 893 4026 ipso
916 3957 1031 4022 gereba-

64 4061 127 4124 tur}
147 4052 195 4112 ubi
213 4054 284 4112 nihil
302 4064 344 4114 est
361 4053 434 4113 nisit
452 4056 576 4125 veritate,
594 4074 626 4114 re
648 4027 722 4117 orio.

828 4166 862 4220 lt
879 4160 893 4196 *

883 4372 899 4401 X
