2626 4906
169 592 247 671 204

169 823 412 901 exponamus.
451 799 607 874 Etenim
625 823 777 876 sensum
794 797 1006 902 verborum
1024 799 1147 876 histo-

167 939 293 1013 ricum
317 937 372 1012 ita
398 936 627 1036 diligenter,
656 951 768 1012 acute
795 937 911 1011 etiam
936 938 1148 1030 interdurn,

168 1099 257 1149 eum
283 1073 581 1173 perquisivisse,
618 1074 671 1149 ita
703 1075 906 1175 praeclare
940 1099 1029 1149 eum
1062 1077 1148 1174 ple-

127 1298 130 1302 ,
167 1237 333 1310 rumque
359 1220 575 1286 assecutum
600 1238 683 1287 esse
712 1212 900 1304 existimo,
925 1222 982 1306 ut,
1010 1211 1147 1310 quiin

82 1437 85 1442 ,
167 1374 309 1448 graeca
346 1347 515 1424 ecclesia
550 1374 639 1425 eum
673 1349 982 1442 antecessissent,
1026 1349 1148 1449 longe

167 1511 299 1560 omnes
326 1486 596 1561 antecelleret.
663 1485 819 1561 Creber
852 1486 899 1560 iis
933 1474 992 1560 es't
1024 1485 1148 1560 inter-

166 1623 437 1722 pretamentis,
473 1648 573 1723 quae
610 1625 659 1697 ad
689 1622 891 1698 historiam
920 1623 1147 1723 linguamve

157 1752 382 1861 pertinent,
408 1785 457 1835 ex
482 1760 643 1835 relicuis
667 1761 706 1837 S.
733 1761 773 1838 S.
802 1759 915 1835 libris
944 1761 1146 1860 repetitis3

165 1912 246 1973 tum
259 1899 368 1973 locos
389 1896 598 1997 parallelos
620 1898 732 1973 affert
755 1900 805 1981 ad
822 1898 1008 1996 imagines
1021 1899 1164 1998 expli·-

166 2036 305 2109 caudas
350 2044 393 2109 et
433 2034 631 2130 notiones,
670 2046 752 2109 tum
792 2034 934 2110 intexit
970 2035 1147 2128 aliorum,

79 2162 80 2166 ¹
167 2171 364 2248 maximam
387 2181 541 2273 partem
565 2172 829 2247 Rabbinorum
861 2171 1024 2271 quidem
1058 2154 1144 2247 sen-

165 2309 325 2403 tentias,
363 2310 470 2386 haud
506 2334 661 2411 semper
694 2319 823 2384 tamen
860 2309 1016 2384 omnino
1052 2309 1146 2408 reji-

166 2444 336 2541 ciendas,
352 2447 571 2548 interponit
589 2428 704 2523 etiam
720 2445 964 2541 traditiones,
983 2471 1146 2546 quarum

160 2585 240 2681 jam
266 2583 458 2683 inprime
486 2588 601 2682 hujus
627 2582 834 2659 voluminis
859 2594 973 2683 parte
998 2585 1145 2709 mentio

167 2732 226 2794 est
251 2721 370 2817 facta,
406 2730 488 2796 tum
513 2723 750 2822 populorum
777 2747 925 2817 mores,
960 2722 1027 2797 vel
1054 2747 1147 2797 con·

165 2858 390 2934 suetudines
416 2859 641 2935 institutave
668 2885 717 2934 ex
742 2858 929 2935 similibus
958 2862 1147 2959 majorum

164 3021 479 3098 coaevorumque
518 2998 699 3097 cogitatis
731 2997 982 3096 inventisque
1020 2996 1147 3098 expli·

164 3160 257 3210 care
296 3137 437 3212 studet.
503 3137 563 3212 Ex
599 3137 766 3211 adverso
804 3135 964 3234 quidem
1002 3134 1145 3211 infitias

164 3271 225 3347 ire
251 3298 330 3347 non
355 3298 566 3372 possumus,
591 3272 722 3348 multis
743 3273 859 3348 etiam
877 3271 1034 3376 inxlocis
1056 3298 1146 3349 eum

162 3411 247 3484 falli
275 3422 316 3483 et
341 3410 440 3505 labi,
466 3421 545 3485 tum
575 3412 855 3511 prophetarum
881 3410 1033 3510 singula
1059 3436 1145 3486 ora-

140 3549 264 3639 'cula,
292 3574 369 3647 quo
396 3558 593 3650 spectent,
630 3549 754 3622 minus
786 3557 898 3624 recte
936 3547 1024 3624 eum
1049 3573 1143 3649 per·

162 3684 350 3783 spexisse3
377 3696 458 3760 tum
478 3687 573 3760 alias
587 3685 809 3780 sententias,
836 3686 919 3761 sive
946 3695 1143 3762 contortas

162 3823 329 3915 omnino,
356 3823 437 3898 sive
462 3836 589 3898 acutas
610 3834 737 3898 tamen
756 3825 888 3924 magis,
915 3850 1027 3923 quam
1048 3851 1142 3925 pro-

160 3951 309 4037 babiles
335 3962 553 4061 protulisse.
616 3963 743 4062 Hujus
768 3963 928 4064 generis
954 3964 1136 4066 exempla
