2626 4906
212 583 294 713 200

211 793 270 873 lb.
297 819 334 870 v.
361 789 397 870 3.
430 788 606 871 Quoniam
619 811 733 863 cornu
746 785 882 862 salutis
894 811 991 864 meae
1004 804 1043 864 tu
1052 788 1193 891 fuisti:

211 927 404 1013 Quoniam
434 926 647 1027 perdidisti
677 924 855 1001 inimicos
890 952 996 1003 meos
1022 953 1074 1004 ex
1100 954 1193 1003 con-

210 1066 301 1144 silio
325 1075 395 1139 tuo
413 1063 606 1169 terribili,
645 1088 697 1138 ne
722 1063 928 1139 laederent
952 1091 1036 1164 me3
1076 1077 1194 1166 atque

211 1203 262 1280 ad
301 1171 514 1296 vindictam
552 1226 673 1276 meam
718 1203 787 1296 (ad
829 1203 1011 1308 injuriam
1048 1204 1194 1281 illatam

210 1340 307 1418 mihi
339 1337 618 1433 ulciscendam)
655 1339 855 1435 exstitisti,
887 1341 920 1418 si
956 1343 1094 1419 damno
1130 1368 1194 1418 me

211 1479 371 1553 afficere
398 1473 479 1550 ausi
505 1476 668 1554 fuerant.
720 1475 893 1574 Namque
909 1478 980 1571 illa
998 1479 1126 1578 imago
1146 1479 1193 1556 ab

211 1613 432 1693 animalium
457 1624 593 1691 natura
619 1622 678 1689 est
695 1613 877 1691 desumta.
930 1615 1087 1696 Etenim
1106 1640 1194 1694 cor-

210 1754 326 1831 nibus
352 1751 460 1827 ferae
486 1748 739 1845 adversarios,
764 1776 816 1825 ne
846 1761 1027 1847 noceant,
1052 1778 1193 1833 arcere

169 1891 172 1899 ’
213 1892 340 1967 solent
353 1899 396 1965 et
411 1885 622 1966 vindictam
639 1912 792 1966 sumere
803 1889 851 1967 ab
860 1889 1132 1972 offensoribus.
1142 1935 1193 1954 „-

157 2036 164 2054 ‘
213 2026 446 2119 Formidam,
470 2023 513 2131 in
539 2025 753 2126 proverbio
789 2025 942 2105 usitata:
982 2051 1052 2101 uon
1080 2026 1193 2106 relin-

212 2181 345 2264 quetur
370 2163 435 2261 qui
459 2162 602 2259 stringor
629 2160 683 2237 ad
699 2163 884 2265 parietem
910 2165 952 2257 (l
974 2162 1100 2269 Regg.
1129 2165 1191 2262 14,

215 2304 275 2381 10.
305 2301 368 2394 16,
396 2299 456 2380 13.
483 2299 615 2397 relic.)
642 2299 691 2377 ad
716 2302 743 2381 2
768 2299 892 2400 Regg,
920 2301 1192 2401 11011541

85 2432 120 2476 ⁵
189 2441 499 2543 interpretatur
523 2437 628 2513 hunc
654 2434 698 2514 in
721 2437 895 2515 modum:
936 2439 1080 2519 Sensus
1112 2440 1192 2519 sor.

124 2613 126 2617 ¹
213 2579 340 2655 mulae
355 2583 425 2670 est,
435 2572 637 2651 definitum
652 2597 736 2650 esse
752 2598 773 2651 a
787 2575 963 2675 (summa)
971 2575 1123 2675 justitia
1139 2577 1192 2653 fa-

70 2818 73 2829 .
171 2818 175 2823 ¹
213 2714 343 2789 miliae
362 2710 537 2812 alicujus,
563 2710 669 2808 quod
695 2735 818 2810 grave
843 2713 970 2792 scelus
996 2714 1191 2818 quoddam

215 2847 474 2944 commisisset,
483 2846 680 2927 excidium
698 2858 740 2927 et
756 2847 970 2944 interitum,
984 2875 1062 2950 quo
1076 2875 1192 2931 canes

215 2989 343 3082 etiam,
353 2986 487 3073 domus
500 2986 692 3084 custodes,
704 2985 791 3063 fore
804 2999 848 3065 ut
857 2987 1191 3087 opprimerentur,

214 3127 359 3204 nedum
384 3122 621 3203 habitatores
648 3107 752 3221 ejus,v
770 3124 838 3222 qui
853 3134 988 3203 contra
1002 3123 1190 3224 justitiam

171 3278 173 3282 ’
215 3261 481 3360 deliquissent.
534 3259 609 3339 Jes.
628 3262 665 3354 2,
684 3262 725 3339 5:
743 3261 788 3337 In
803 3260 935 3342 lumine
950 3262 1086 3342 domini
1098 3263 1138 3343 h.
1156 3287 1189 3343 9.

216 3402 259 3493 (5
283 3401 341 3491 163)
367 3397 410 3472 in
434 3396 526 3496 lege
553 3397 709 3475 domini.
763 3398 824 3491 10,
842 3399 902 3477 12.
928 3399 1093 3507 Fructus
1110 3423 1191 3476 cor·

213 3536 275 3612 dis
309 3536 347 3616 h.
382 3559 416 3616 e,
453 3534 710 3638 cogitationes
745 3536 885 3618 cordis.
956 3538 1012 3618 Ib.
1052 3564 1090 3620 v,
1128 3536 1188 3615 14.

264 3780 330 3844 263)
346 3776 446 3837 Verbo
464 3775 605 3830 monuisse
622 3773 759 3843 sufficiat,
782 3775 854 3837 hanc
871 3775 1038 3838 tuccluctuu
1055 3775 1188 3845 scriptio-

214 3901 277 3940 aem
295 3879 390 3955 potius
414 3878 560 3947 legendam
578 3896 641 3938 esse
659 3884 723 3956 agn,
749 3896 831 3948 quam
858 3896 932 3972 ⁸2³⁹
959 3879 1187 3950 quenadmodum

214 3986 321 4055 placuit
339 3983 555 4041 nortmanno
575 3983 605 4043 in
623 3983 745 4048 Grtmm.
763 4001 823 4059 syr.
840 4000 869 4052 1).
888 3988 947 4048 117.
