2626 4906
166 527 243 605 184

166 755 398 835 synagogam
418 751 666 829 praeparasse
682 723 939 826 Evangelium
952 730 994 800 et
1010 725 1142 802 eccle-

167 872 259 946 siam
299 870 422 963 dicat,
465 891 602 942 verum
634 874 769 963 aperte
805 866 988 960 affirmet,
1024 865 1143 939 etiam

167 1032 317 1083 omnem
342 1007 389 1081 V.
418 1005 463 1080 T.
490 1003 720 1102 scripturam
744 1002 819 1076 nisi
844 1003 886 1075 in
912 1028 999 1076 eum
1024 1004 1144 1077 finem
1216 1102 1220 1108 Ι

168 1169 248 1217 non
300 1152 490 1216 exaratam
542 1165 625 1213 esse
649 1218 651 1222 ,
678 1149 719 1213 et
770 1140 1046 1239 conscriptam,
1097 1149 1145 1213 ut

170 1259 424 1357 Christianam
462 1275 723 1351 oeconomiam
770 1277 886 1352 variis
931 1277 973 1352 in
1011 1276 1146 1350 formis

169 1417 292 1491 nostri
323 1415 513 1490 commodi
552 1414 675 1512 gratia
710 1414 916 1488 adumbret
956 1423 997 1488 et
1029 1438 1146 1512 prae·

171 1554 325 1628 nuntiet
350 1554 416 1646 253).
483 1552 607 1646 Quid,
646 1552 751 1649 quod
778 1552 878 1650 ipsas
904 1549 1147 1649 singulorum

171 1690 366 1766 hominum
405 1687 510 1764 vitae
541 1688 710 1762 rationes
746 1687 829 1762 sive
865 1687 1035 1762 actiones
1068 1689 1148 1785 jam

173 1828 224 1903 de
250 1824 412 1901 consilio
432 1825 588 1900 divinae
609 1823 882 1924 providentiae
898 1824 952 1897 ita
969 1824 1146 1898 definitas

174 1973 215 2038 et
230 1972 474 2063 praeparatas
492 1962 657 2062 putavit,
679 1971 724 2036 ut
740 1961 835 2037 novi
850 1961 1036 2036 Foederis
1054 1973 1163 2036 tam·

174 2126 286 2199 quam
298 2099 386 2174 reri
402 2099 607 2198 apertique
621 2099 711 2198 typi
724 2123 744 2172 a
757 2099 923 2198 posteris
939 2124 1150 2197 cognosce-

174 2235 333 2311 renturt
360 2237 501 2335 Atque,
526 2245 571 2309 ut
593 2235 766 2334 apertius
784 2238 860 2310 hoc
880 2236 940 2330 sit,
961 2208 1167 2335 exemplis

174 2373 272 2449 licet
297 2373 376 2448 vim
395 2374 467 2467 rei,
495 2374 617 2473 qualis
635 2382 675 2447 et
697 2383 836 2470 quanta
857 2373 918 2466 sit,
942 2397 1151 2470 cognosca-

174 2534 267 2585 mus.
313 2508 495 2583 Simsonis
513 2509 752 2583 nativitatem
766 2509 869 2583 enim
881 2535 956 2609 per
969 2510 1151 2608 angelum

177 2671 260 2723 esse
274 2645 484 2720 nuntiatam
499 2647 659 2719 affirmat
669 2645 716 2738 (Ι.
731 2647 816 2722 213.
828 2646 890 2741 Β),
903 2645 1152 2743 quiuChristi

225 2991 288 3053 253)
306 2989 342 3043 ad
359 2987 461 3042 Jerem.
480 2988 583 3066 tntu.
602 2985 641 3042 ΙΙ.
661 2990 719 3046 158.
738 2987 776 3045 C:
804 2986 922 3042 Divinus
948 2988 1015 3042 dicu
1037 2989 1151 3055 Paulus,

174 3109 339 3162 quaecunque
366 3093 400 3145 ab
426 3090 612 3160 antiquissimo
638 3091 700 3144 s'nde
727 3097 842 3160 tempore
867 3092 973 3159 scriptu
999 3099 1076 3158 sunt,
1116 3093 1155 3146 od

172 3202 291 3251 nostrum
307 3196 454 3249 doctrinam
472 3194 578 3262 scriptu
595 3200 663 3249 sunt.
706 3196 802 3264 ltaque
827 3195 942 3263 spiritus
965 3196 1101 3251 Jerernr‘ae
1126 3210 1153 3256 er

173 3299 270 3354 ceteris
286 3299 425 3366 prophetis
451 3298 541 3350 literis
565 3298 692 3352 mundare
716 3299 854 3367 praecepit
874 3298 1027 3367 periocham
1045 3283 1153 3372 (ttsst'tt'

174 3402 209 3456 cf.
228 3402 268 3456 11.
287 3404 346 3458 rtr.
368 3399 411 3462 Ο.)
438 3399 606 3468 captivitatis
632 3406 657 3453 et
683 3402 786 3454 reditus
812 3402 945 3466 gentium,
973 3418 1041 3470 quae
1065 3400 1153 3453 incla-

173 3509 283 3557 ruerunt
306 3503 428 3568 (pustea)
455 3509 481 3555 et
504 3505 681 3557 excelluerunt
706 3503 735 3557 r’n
757 3504 863 3558 uetitus
890 3505 964 3572 suis,
990 3521 1041 3573 quo
1059 3502 1151 3557 nostri

172 3605 290 3680 generis·
311 3608 361 3659 sub
387 3607 494 3660 diaboli
515 3614 651 3675 potestate
675 3607 826 3660 seruitutem
844 3615 936 3676 aperte
960 3607 1153 3675 manifesteque

171 3706 344 3773 significaret
367 3716 392 3761 et
416 3711 588 3763 adumbraret
614 3710 693 3762 nobis
711 3714 797 3778 typum
817 3710 926 3763 diuinae
943 3709 1042 3762 domini
1060 3707 1152 3762 nostri

170 3808 390 3878 dispensationis,
414 3811 461 3879 qui
479 3813 561 3866 uitam
578 3819 605 3867 et
621 3812 769 3867 libertatem
785 3829 835 3881 per
851 3819 956 3869 mortem
974 3828 1048 3866 suurn
1066 3811 1148 3865 notis

161 3913 297 3975 :eddidit
