2626 4906
155 590 208 668 m

155 793 279 871 omnia
305 799 392 894 post
418 774 625 890 Ephrriemi
651 797 825 889 tempora
854 789 1006 864 demum
1032 815 1124 867 con·

154 938 347 1031 tigerunt,
408 927 540 1003 nescio
600 951 647 1000 an
698 928 817 1003 tutius
869 908 918 1004 sit
968 943 1123 1023 tenere,

153 1071 411 1171 Ephraemum
436 1076 619 1158 nostrum,
644 1065 717 1140 nisi
743 1067 845 1140 t'orte
862 1093 995 1166 panca,
1022 1093 1123 1167 quae

149 1211 228 1308 jam
252 1205 403 1307 syriace
430 1211 633 1294 exstarent,
660 1205 859 1298 exemeris,
885 1206 1124 1282 Graecorum

153 1345 298 1445 scripta
333 1366 456 1438 eaque
486 1338 675 1413 minimam
706 1350 852 1415 tantum
883 1355 1033 1442 partem
1064 1342 1123 1420 in-

154 1493 333 1582 terprete
359 1478 524 1577 quodam
550 1477 704 1574 cognita
730 1477 915 1554 habuisse.

233 1761 292 1835 10.
345 1760 492 1835 Verum
533 1756 712 1858 quoniam
755 1757 805 1833 de
840 1756 1123 1858 interpretibus

154 1922 250 1998 quos
275 1906 407 1972 noster
432 1895 506 1971 sibi
531 1894 890 1989 accommodaverit,
914 1895 1015 1970 illud
1034 1897 1125 1971 satis

154 2059 238 2109 esse
263 2032 356 2126 scio,
382 2055 484 2106 nunc
509 2033 707 2108 maturabo
734 2043 775 2106 et
799 2033 907 2132 quod
931 2033 982 2107 ad
999 2032 1124 2133 expli-

153 2169 317 2245 candum
360 2167 556 2266 reliquum
596 2169 756 2244 videtur
798 2193 902 2264 esse,
942 2169 978 2245 si
1013 2169 1125 2271 prius

153 2330 359 2407 aperuero,
384 2306 502 2379 finem
525 2304 619 2379 huic
645 2305 914 2406 disputationis
938 2306 1042 2407 parti
1054 2306 1123 2382 im-

153 2469 305 2544 ponam,
331 2454 375 2517 ut
401 2442 588 2542 deinceps
614 2443 663 2518 ad
688 2443 847 2519 alteram
864 2444 1122 2544 transgredia-

146 2607 248 2671 unur.
314 2581 397 2656 Jam
431 2605 549 2673 vero,
588 2605 639 2654 ne
666 2581 717 2655 de
742 2580 952 2680 Ephraemi
990 2582 1124 2658 erudi·

153 2718 274 2811 tione,
300 2742 375 2815 qua
394 2716 603 2791 instructus
623 2728 664 2791 et
681 2729 834 2818 paratus
855 2717 977 2794 libros
995 2743 1124 2797 sacros

50 2896 77 2917 n
152 2853 501 2953 interpretaretur,
542 2851 631 2952 plus
652 2855 763 2954 justo‘
783 2864 1006 2957 exspectes,
1045 2855 1123 2932 hoc

153 2991 390 3065 admonitum
422 3001 463 3065 te
500 2991 613 3085 volo,
652 3003 695 3067 ut
728 2992 854 3093 probe
888 2993 1123 3088 consideres,

153 3138 325 3203 nostrmn
351 3151 372 3201 a
398 3127 589 3203 communi
619 3129 815 3204 hominum
841 3131 1123 3206 consuetudine

152 3265 271 3362 longe
305 3274 493 3338 remotum
528 3290 736 3363 rerumque
768 3267 995 3344 coelestium
1031 3293 1123 3343 con-

153 3398 395 3498 templationi
426 3398 542 3475 unice
583 3398 759 3476 deditum
797 3414 838 3478 et
875 3403 1123 3506 philosophia

154 3680 367 3737 commentatur,
394 3685 412 3725 a
436 3685 481 3725 me
503 3679 654 3739 exoptatur
679 3674 718 3742 (p.
735 3672 788 3733 226
813 3684 906 3732 annot.
930 3680 959 3742 Δ)
991 3676 1060 3746 quid
1086 3679 1123 3732 de

154 3774 340 3830 versionibus
362 3771 481 3845 syriacis
501 3783 611 3843 patrum
632 3792 795 3844 graecorum
818 3779 971 3848 Ephraemi
995 3788 1121 3849 tempore

154 3877 291 3945 evulgatis
313 3876 460 3941 sentirem,
484 3875 514 3932 in
531 3878 768 3937 commentatione
790 3881 886 3938 critica
904 3901 948 3939 me
963 3882 1121 3941 accuratius

154 3979 328 4050 exposuisse.
