2626 4906
121 593 214 686 ’ω

162 820 302 896 meque
333 795 573 891 „venerando
620 797 657 876 N
667 797 852 875 eandro
891 797 1039 903 placuit
1073 799 1149 896 Ἡ),,

162 938 374 1013 Aramaeos.
398 933 512 1011 etiam
542 934 591 1019 ab
607 962 612 972 ·
627 936 803 1035 Origene
828 937 1036 1036 plurimum
1061 963 1132 1038 pe·

162 1074 269 1153 tiisse
296 1072 559 1173 imprimisque
583 1072 643 1169 ad
664 1075 747 1172 ejus
775 1072 978 1173 egregium
1004 1085 1133 1150 exem-

163 1214 272 1312 plum
296 1211 495 1304 liberalius
522 1212 756 1308 doctumque
770 1212 988 1310 scripturae
1001 1235 1133 1286 sacrae

163 1349 332 1426 studium
357 1346 543 1443 coluisse,
570 1373 657 1423 nam
680 1359 735 1447 ut·
750 1348 870 1423 semel
895 1372 945 1423 ex
966 1348 1134 1453 Alexan-

51 1569 59 1580 ,
164 1487 273 1564 driae
299 1484 430 1560 schola
452 1485 672 1581 Adamantii
696 1483 839 1586 placita
859 1510 902 1559 ac
921 1494 1158 1595 praecepta

164 1634 257 1714 sunt
278 1632 427 1717 evecta,
460 1649 610 1697 omnem
634 1631 893 1722 peragrarunt
917 1622 1133 1699 Orientem.

164 1763 223 1838 Ex
240 1733 390 1870 'quibus
413 1769 540 1837 tamen
565 1761 679 1856 illud,
700 1760 807 1834 tanti
824 1760 937 1859 enim
962 1759 1040 1834 viri
1065 1784 1134 1834 ve-

165 1898 230 1973 nia
253 1898 430 1992 dixerim,
456 1897 563 1996 ,quod
585 1898 626 1974 in
643 1907 810 1987 nostram
826 1895 969 1993 incidit
980 1896 1134 1997 discep-

165 2037 368 2128 tationem,
406 2061 485 2108 non
516 2035 616 2110 satis¹
634 2008 724 2129 fiori
748 2033 998 2134 perspicuum
1023 2031 1135 2131 vide-

167 2183 242 2250 tur.
296 2172 590 2271 Quodquoniam
615 2171 808 2270 Origenes
835 2170 1018 2246 sobrioris
1043 2170 1135 2245 her-

167 2307 409 2384 meneuticae
445 2308 537 2384 artis
572 2307 647 2387 nisi
680 2334 799 2408 parva
825 2307 935 2382 initia
959 2333 1038 2385 non
1063 2332 1135 2408 po-

167 2458 295 2522 suerat
320 2447 512 2545 immoque
539 2446 588 2520 ad
604 2420 802 2545 pristinam
821 2445 1016 2542 vilemque
1043 2469 1135 2521 con-

168 2584 356 2665 ditionem
381 2609 507 2684 prope
535 2610 617 2659 eam
642 2593 916 2678 revocaverat,
955 2582 1042 2683 eatis
1076 2581 1149 2683 im,

167 2720 301 2820 telligi
320 2746 401 2797 non
425 2731 575 2821 potest,
614 2721 682 2818 qui
716 2721 870 2795 tandem
905 2721 1048 2795 sactum
1072 2721 1136 2816 sit,

167 2868 212 2932 ut
238 2858 377 2933 eodem
401 2859 487 2933 fere
515 2868 708 2956 tempore,
745 2883 822 2955 quo
848 2857 1009 2965 Basilius
1036 2859 1135 2956 ejus·

168 3021 244 3094 que
271 2995 471 3094 aequales,
507 2996 584 3070 duo
610 2995 671 3071 illi
697 2994 915 3095 Gregorii,
930 2995 998 3093 qui
1024 2995 1136 3085 docti

168 3132 448 3232 endisciplina
473 3134 656 3239 Origenis
684 3143 822 3226 essent,
850 3132 1009 3206 eandem
1029 3130 1137 3208 illam

167 3270 356 3359 rationem
381 3271 642 3369 retinuerunt,
665 3270 773 3345 -clari
798 3270 903 3343 inter
929 3268 1050 3370 Syros
1077 3295 1136 3346 es·

168 3417 255 3480 sent
279 3407 368 3499 viri,
395 3408 461 3503 qui
487 3408 579 3481 huic
603 3409 741 3506 generi
761 3406 993 3484 contrarium
1012 3408 1135 3506 quod-

169 3543 255 3617 dam
280 3543 478 3642 persecuti
504 3557 600 3621 sunt.
626 3600 630 3606 -
670 3546 842 3644 Namque
869 3545 1053 3619 eamviam
1076 3544 1135 3620 in·

202 3760 264 3848 ru)
282 3785 319 3842 v.
339 3754 424 3853 si.
451 3784 536 3854 aug.
562 3752 736 3839 meandri
762 3762 910 3852 augeam
937 3782 1067 3848 aeratae
1093 3786 1136 3840 aa

169 3888 308 3954 dtistlidua
327 3889 451 3956 metiatur.
468 3888 502 3943 Τ.
521 3888 546 3942 Ι.
564 3888 598 3943 Ρ.
617 3894 642 3947 3.
661 3907 689 3956 p.
709 3892 784 3946 123⁷.
811 3888 844 3942 T.
863 3887 903 3942 ΙΙ.
927 3886 962 3940 P.
981 3889 1006 3942 2.
1024 3903 1054 3956 p.
1073 3889 1133 3946 748.

167 4000 252 4060 atque
267 3991 342 4047 iden
360 3987 405 4046 sir
422 3991 451 4047 in
468 3991 543 4063 libro
559 3991 596 4049 de
613 3992 865 4066 chrysostomo
881 3986 994 4062 passim.
