2626 4906
164 588 242 668 144

161 796 411 873 Miinterus
436 791 495 886 Μ)
521 796 563 865 et
588 786 895 890 Augustini
919 787 1141 869 Diodorum

164 935 215 1008 de
242 931 453 1007 verborum
478 928 636 1002 illorum
660 928 702 1002 vi
728 939 844 1026 atque
861 953 934 1002 usu
954 927 1008 1001 ita
1024 942 1143 1027 'prae-

164 1068 315 1169 cepisse
342 1066 576 1160 declaravit,
613 1074 659 1141 ut
684 1064 984 1139 Theoria'esset
1009 1090 1056 1139 ea
1083 1066 1142 1139 in-

163 1204 410 1306 terpretandi
454 1203 573 1297 ratio,
625 1227 701 1301 qua
739 1227 803 1276 res
847 1199 1049 1286 sensibiles
1092 1202 1143 1276 ad

165 1343 386 1444 spirituales
429 1339 589 1441 ingenio
633 1350 677 1414 et
717 1349 802 1413 arte
839 1339 1143 1414 traducerentur

163 1505 294 1579 neque
330 1478 455 1579 igitur
490 1476 656 1579 proprie
690 1476 979 1575 interpretandi
1005 1501 1142 1576 genus,

163 1619 234 1694 sed
267 1617 316 1692 ad
349 1641 438 1690 usus
472 1613 613 1715 populi
638 1626 898 1713 comparatum
924 1624 966 1689 et
992 1639 1142 1689 accom-

163 1752 332 1829 modatio
370 1778 504 1828 rerum
541 1751 754 1827 visibilium
801 1752 851 1826 ad
894 1752 1143 1827 illustrandas

162 1916 226 1965 res
242 1913 365 1964 sacras
381 1898 423 1963 et
439 1889 673 1982 invisibiles;
699 1888 801 1963 illud
816 1888 1008 1985 nimirum,
1035 1890 1144 1991 quod

165 2023 307 2102 Graeci
328 2026 444 2100 etiam
471 2040 680 2130 φιλοσοφεῖν,
699 2033 927 2130 φιλοςόφημα,
946 2039 1143 2130 φιλοσοφὲ-

163 2201 264 2263 μενον
289 2163 445 2259 dicunt3
472 2171 608 2238 contra
633 2188 730 2239 vero
751 2162 961 2262 Allegoria,
989 2188 1039 2242 ex
1056 2164 1143 2240 Er-

165 2299 320 2376 nesti'i
345 2300 548 2395 sententia,
573 2298 751 2375 Diodoro
779 2326 825 2375 ea
849 2300 949 2375 ratio
968 2301 1050 2377 visa
1071 2313 1143 2397 est,

166 2463 241 2538 qua
266 2462 331 2513 res
354 2436 503 2512 Christi
529 2437 599 2512 sub
618 2432 828 2544 verborum
846 2437 982 2537 figuris
997 2464 1144 2516 revera

165 2575 320 2650 abditae
332 2562 334 2567 ’
346 2583 389 2649 et
410 2575 461 2649 de
483 2574 646 2649 consilio
665 2573 823 2674 spiritus
842 2576 963 2652 sancti
982 2601 1144 2678 expres·

166 2736 242 2808 sae,
269 2722 471 2787 eruuntur.
497 2711 661 2812 -Ego
688 2711 847 2811 quidem
872 2739 970 2789 vero
994 2715 1144 2839 longis·

165 2849 260 2924 sime
299 2849 447 2943 absum,
490 2849 635 2945 fateor,
686 2859 732 2926 ut
774 2874 911 2950 magno
955 2850 1018 2928 illi
1056 2854 1143 2929 Er·

164 2985 341 3082 nestio,
367 2987 477 3085 cujus
502 2986 719 3063 sententiae
744 2988 859 3062 modo
885 3013 954 3064 nos
980 2991 1143 3068 audien-

164 3133 223 3200 tes
263 3124 532 3225 praebuimus,
576 3125 801 3226 indulgeam
835 3134 878 3202 et
911 3126 1142 3229 adstipuler,

165 3260 316 3361 quippe
351 3287 470 3361 quum
510 3261 596 3362 ipse
634 3263 868 3363 scriptorum
906 3265 1141 3342 ecclesiasti-

167 3423 302 3475 corum
346 3399 399 3473 de
440 3400 564 3473 verbo
609 3401 784 3504 Theoria
824 3401 1010 3478 sermonis
1049 3430 1139 3480 usus

166 3547 304 3634 aperte
330 3535 370 3610 ei
395 3546 608 3638 oppugnet.
661 3538 768 3621 Quid
793 3540 908 3636 enim,
934 3541 1042 3640 quod
1058 3542 1140 3646 ipsa¹

217 3842 318 3910 arur.
336 3842 356 3898 1.
375 3860 403 3914 p.
422 3844 465 3902 ιε.

220 3982 286 4044 007)
303 3981 337 4038 In
356 3980 431 4036 libro
446 3997 534 4051 supra
550 3982 662 4039 laudato
679 3983 715 4040 de
730 3985 856 4043 Eusebio
872 3964 1014 4044 Emesedd
1029 3982 1059 4060 ῤ’.
1078 3966 1138 4050 106
