2626 4906
214 625 269 704 36

169 874 171 878 ⁷
292 828 328 910 8.
379 823 551 906 Plurima
592 823 696 902 enim
739 852 875 906 eorum
908 853 1010 930 quae
1044 827 1186 925 adbuc,

215 968 313 1044 locis
337 967 478 1044 ordine
503 965 703 1042 collocatis
738 968 1007 1069 comprobata,
1050 967 1187 1067 explo-

216 1106 402 1202 ravimus,
436 1131 459 1182 a
482 1103 639 1183 ludaeis
663 1104 795 1204 potius
820 1071 1186 1205 accepisse'memo-

216 1246 393 1343 riterque
437 1241 728 1344 pronuntiasse,
772 1267 886 1342 quam
930 1268 979 1318 ex
1013 1241 1186 1342 scriptis,

215 1381 397 1458 fabulosis
422 1380 582 1482 quidem
606 1377 905 1454 narratiunculis
943 1378 1187 1455 consarcina-

215 1518 284 1614 tis,
339 1521 420 1619 jam
471 1527 553 1593 tum
603 1516 790 1616 temporis
833 1515 987 1592 scilicet
1031 1515 1188 1615 syriace

215 1656 419 1752 translatis,
445 1652 703 1754 depromsisse
727 1651 898 1730 videtur.
950 1653 1090 1751 Neque
1102 1635 1189 1728 ‘mi-

216 1817 309 1887 nus,
344 1815 436 1868 num
470 1791 522 1866 de
555 1789 661 1866 libro
686 1788 925 1865 Henochi
958 1799 1092 1865 noster
1116 1813 1200 1865 noa

147 1992 150 1997 .
216 1929 340 2006 titiam
356 1927 538 2005 habuerit
563 1937 629 2003 aut
652 1927 812 2027 legerit,
837 1926 994 2002 omnino
1013 1918 1188 2003 dubitari

217 2065 333 2160 licet,
378 2088 603 2163 quamquam
637 2073 851 2138 commenta
875 2064 967 2158 ista,
1010 2087 1111 2162 quae
1137 2086 1194 2138 ex·

216 2200 306 2277 loco
347 2200 442 2277 Gen.
480 2200 550 2281 VI.
583 2199 726 2277 ludaei
760 2198 979 2276 elicuerant
1014 2209 1057 2276 et
1090 2198 1189 2278 libri

216 2337 400 2415 Henochi
440 2337 557 2415 fictor
593 2347 868 2433 exornaverat,
918 2336 1071 2438 saepius
1105 2361 1189 2412 me·

217 2483 350 2553 morat.
427 2474 600 2577 Namque
642 2474 882 2575 Ephraemus
923 2474 965 2550 in
1000 2499 1050 2550 eo
1083 2473 1188 2575 loco,

218 2637 336 2711 quem
359 2612 475 2690 modo
501 2612 632 2713 attigi,
656 2608 766 2709 filios
799 2611 862 2686 dei
895 2611 945 2687 ad
978 2611 1189 2688 multorum

218 2748 382 2824 aliorum
407 2751 625 2850 exemplum
651 2772 701 2825 er
724 2726 901 2824 contorta
926 2748 1090 2848 quadam
1106 2747 1189 2825 loci

179 2907 183 2915 ’
217 2885 287 2981 IV,
313 2886 375 2962 26.
401 2886 739 2987 interpretatione,
765 2885 817 2961 de
843 2884 982 2962 sethi
1007 2885 1188 2986 posteris,

218 3022 288 3122 qui
326 3023 378 3099 de
416 3025 570 3100 nomine
608 3023 676 3101 dei
714 3024 901 3126 appellati
933 3023 1027 3121 sint,
1070 3021 1189 3097 intel·

219 3162 343 3237 lectos
368 3162 455 3238 vult
470 3160 743 3260 eosdemfilios
760 3162 957 3236 hominum
978 3186 1005 3237 s.
1025 3157 1189 3237 Caini·

221 3298 401 3393 darum,
439 3323 538 3397 quae
576 3308 744 3398 propter
788 3297 1026 3397 impietatem
1068 3320 1210 3397 repu-¹

220 3434 387 3509 diandae
436 3433 618 3528 luissent,
669 3457 809 3509 uxores
860 3433 1013 3510 duxisse
1063 3442 1188 3535 putat.

220 3570 304 3648 Jam
327 3579 431 3648 vero'
451 3595 517 3645 eos
536 3570 748 3668 damnavit,
774 3571 844 3672 qui
869 3572 920 3647 de
958 3571 1107 3671 angelis
1132 3571 1189 3646 la-

219 3707 350 3808 psiset
368 3733 418 3784 ex
435 3709 548 3785 coelo
574 3709 712 3808 ejectis
737 3709 807 3810 qui
831 3735 918 3785 cum
942 3708 1093 3786 filiabus
1116 3707 1187 3786 ho-

160 3895 176 3930 .
220 3844 365 3920 minum
389 3847 687 3924 concubuissent
720 3859 761 3925 et
785 3820 959 3948 gigantes
984 3873 1186 3950 procreas-

79 4104 82 4110 .
220 3991 319 4081 sent,
349 3980 408 4059 ibi
432 3985 666 4064 somniarent
701 3986 841 4085 (Sem.
869 3986 930 4077 19,
957 3987 1005 4065 IL
1030 4012 1069 4088 p.
1096 3983 1184 4072 4⁷7.
