2626 4906
1082 559 1157 664 35³

189 759 595 862 accurate-‚perspiei
613 769 656 837 et
684 759 858 862 intelligi
894 786 974 838 non
1013 771 1155 864 potest,
1265 776 1269 784 '

186 901 260 977 nisi
285 898 444 975 sanioris
464 896 811 998 interpretationis,
833 899 947 998 ,cujus
967 911 1156 1001 tamquam

185 1037 370 1137 princeps
414 1048 457 1126 et
489 1036 672 1124 inventor
705 1037 841 1114 exstit
857 1037 1070 1137 Origenes,
1112 1039 1156 1123 in

184 1185 353 1250 mentem
385 1185 476 1248 ante
509 1175 772 1255 rovocarimus
795 1175 1005 1271 rationem,
1043 1201 1156 1275 quam

183 1309 220 1407 si
239 1309 394 1399 nonad
415 1322 635 1393 extremum
661 1313 731 1389 sed
755 1337 878 1412 usque
899 1338 1039 1412 eoquo
1058 1339 1156 1414 opus

167 1422 262 1520 ,erit
304 1471 606 1546 persequemur,
646 1451 694 1525 ab
735 1474 804 1546 eo,
848 1451 955 1549 quod
988 1449 1154 1527 institui·

182 1608 268 1659 mus
291 1607 502 1685 exponere,
527 1611 606 1670 non
630 1588 827 1667 aberrasse
853 1586 1085 1682 videbimur.

187 1896 190 1903 ’
225 1936 241 1950 1»
259 1895 320 1971 14.
373 1883 575 1995 Origenes
619 1895 760 1996 igitur,
810 1886 875 1972 vir
921 1905 964 1971 et
1019 1903 1155 1972 natura
1290 1945 1294 1950 -

162 2030 394 2130 'peracutus‘
433 2033 716 2110 et·‘doetrina'³³
723 2020 940 2129 abundans,
984 2025 1155 2111 omnium

157 2156 694 2266 prtinus-:internarium
718 2158 838 2249 istam²
852 2160 1072 2270 literaeque
1097 2171 1155 2245 in-

166 2295 711 2407 *lraerentemainterpretandi
730 2309 932 2402 rationem,
946 2309 1068 2405 -cujus
1087 2307 1154 2385 vel

159 2456 230 2516 sex
244 2491 248 2498 ‚
264 2440 334 2537 iis,
368 2442 437 2542 qui
468 2432 685 2545 scripturas
713 2430 1004 2537 transtulerint,
1029 2441 1156 2519 veluti

159 2572 351 2678 Aquila,
360 2580 540 2656 nonnulli
565 2593 717 2681 aperte
726 2580 1015 2657 convincuntur
1038 2589 1155 2678 atque

159 2715 287 2790 ,inter
322 2716 600 2795 sublimarem
618 2719 898 2852 purioremque
931 2717 1156 2816 intelligen-

155 2841 292 2947 tiam,
343 2840 623 2952 interjectaml
626 2844 838 2954 quandam
865 2855 1048 2952 interque
1089 2855 1156 2927 has

155 2980 372 3066 'mediam
369 2980 478 3066 viam
510 2990 690 3066 invenire
725 2981 841 3088 atque
874 2991 983 3063 firma
1017 2989 1156 3064 solida-

178 3123 258 3224 que
293 3114 637 3226 interpretationis'·
666 3126 862 3227 principia
894 3147 1046 3224 ponere
1078 3134 1175 3198 stu-·

155 3316 158 3322 -
179 3264 277 3341 duit.
331 3264 481 3347 Quibus
506 3275 636 3339 tamen
660 3264 703 3340 in
726 3261 935 3364 principiis
959 3260 1157 3336 struendis

179 3402 280 3476 male
313 3403 390 3500 jam
422 3401 590 3500 deliquit
623 3400 748 3500 iisque
774 3399 1109 3475 accommodandis
1134 3424 1157 3474 a

156 3562 224 3613 ·se
241 3537 334 3638 ipse
360 3538 557 3614 descivit.
572 3537 712 3637 Ipsius
743 3537 849 3614 enim
871 3536 914 3612 in
938 3545 1072 3613 mente
1097 3534 1158 3612 in-

179 3675 333 3750 sidebat
359 3676 447 3751 idea
453 3675 659 3793 quaedam
684 3674 731 3750 ab
748 3675 1008 3791 Audianorum
1026 3671 1158 3747 studio

126 3790 298 3917 'plane
325 3806 401 3886 dist
386 3823 486 3909 tans,
511 3802 614 3920 sed
631 3811 681 3887 ad
714 3784 930 3919 extremum
962 3778 1157 3913 perducta

181 3973 313 4049 neque
339 3949 427 4025 satis
453 3915 650 4037 delinita:¹
656 3947 863 4036 nimiunn
884 3947 961 4026 nisi
986 3945 1063 4042 ei,
1091 3943 1157 4024 cui
