2626 4906
254 831 353 898 tram
377 815 600 898 memoriam
615 813 730 895 simul
744 819 1012 911 revocaturus,
1035 815 1142 914 quod
1153 817 1234 917 jam

258 961 302 1036 in
317 953 657 1036 Commentalionis
670 978 781 1032 meae
795 952 958 1030 criticae
974 952 1172 1062 principio
1192 957 1234 1051 a)

254 1097 306 1173 de
320 1093 532 1198 Ephraemi
549 1090 777 1170 eruditione
799 1091 1012 1169 summatim
1026 1100 1086 1168 est
1106 1093 1236 1169 adum·

186 1272 189 1285 =
254 1235 416 1312 bratum.
426 1232 517 1312 Hoc
529 1241 657 1310 tamen
666 1242 822 1308 nostrae
834 1229 1104 1332 disputationis
1114 1256 1237 1332 genus

254 1397 333 1449 non
344 1371 501 1473 longam
514 1370 731 1448 orationem
752 1369 965 1466 desiderat,
979 1395 1098 1470 quum
1113 1370 1165 1446 de
1189 1369 1240 1446 iis

254 1510 373 1586 rebus
384 1534 484 1611 quae
494 1509 544 1585 ad
556 1507 659 1585 illud
669 1510 898 1586 referuntur
908 1508 1000 1584 etin
1011 1532 1059 1583 eo
1076 1507 1239 1585 tractari

167 1620 170 1624 i
257 1647 403 1742 solent,
441 1645 606 1722 difficile
633 1654 694 1721 est
718 1646 809 1746 plus
834 1644 1086 1746 intelligere,
1124 1671 1241 1744 quam

257 1793 443 1884 quantum
479 1807 531 1862 ex
565 1781 768 1861 rarissimis
801 1783 927 1885 iisque
962 1783 1118 1884 saepius
1149 1784 1239 1857 sub-

257 1922 448 2017 obscuris,
467 1947 568 2023 quae
581 1922 623 1998 in
634 1922 848 2025 Ephraemi
860 1921 1017 2025 scriptis
1033 1919 1240 1996 inveniun-

257 2067 336 2152 tur,
364 2058 521 2134 indiciis
540 2058 730 2160 suspicari
747 2067 790 2134 et
811 2060 1040 2158 conjectura
1056 2057 1240 2160 augurari

257 2195 365 2272 licet.
430 2193 506 2271 His
539 2219 638 2273 vero
674 2193 879 2296 explicatis
904 2194 1096 2296 deinceps
1123 2194 1241 2273 etiam

257 2333 372 2429 illud,
398 2331 506 2433 quod
525 2330 577 2407 de
590 2332 740 2434 regulis
753 2357 798 2409 ac
811 2333 1035 2435 praeceptis
1047 2333 1242 2411 librorum

258 2496 457 2548 sacrorum
500 2467 716 2570 interpreti
755 2468 928 2570 ideoque
969 2470 1046 2546 sibi
1081 2495 1240 2571 quoque

235 2589 349 2710 ipsi,
375 2617 511 2684 noster
535 2606 726 2708 posuerit,
750 2606 869 2684 brevi
886 2607 1240 2709 comprehendere,

260 2770 340 2821 non
366 2744 537 2823 alienum
568 2755 677 2847 puto.
744 2744 803 2824 Ac
837 2743 1006 2846 primum
1036 2744 1157 2839 illud,
1195 2755 1242 2820 ut

261 2883 315 2959 ita
348 2882 463 2960 nobis
496 2882 770 2986 patefaciamus
811 2885 895 2982 ejus
920 2882 983 2960 rei
1008 2882 1134 2984 ipsum
1159 2882 1241 2958 adi-

261 3029 361 3118 tum,
388 3048 504 3124 quam
526 3021 726 3124 principio
752 3022 994 3123 quaerimus,
1027 3027 1240 3095 memoratu

261 3161 424 3264 dignum
450 3171 529 3257 est,
553 3161 816 3264 Ephraemum
840 3161 928 3235 lere
952 3156 1143 3251 omnibus,
1169 3155 1239 3256 qui

261 3298 306 3376 in
340 3298 488 3376 veteris
524 3321 570 3373 ac
606 3296 702 3374 novi
733 3297 766 3389 ¹)
804 3293 1044 3371 Testamenti
1076 3317 1242 3370 numero

296 3572 323 3637 *)
342 3568 545 3627 Commentatio
563 3566 662 3625 critica
678 3569 714 3625 de
721 3568 882 3638 Ephraemo
892 3567 970 3644 Syro
987 3567 1017 3626 S.
1028 3565 1059 3626 S.
1073 3568 1240 3642 Interpretc.

262 3673 355 3741 (Halis
372 3673 478 3733 saxos.
496 3673 717 3732 mcccxxv
717 3673 786 3741 111.)
803 3691 833 3745 p.
850 3678 929 3734 1-8.

315 3816 344 3878 1)
362 3814 398 3868 In
414 3813 569 3884 Ephracmi
586 3821 641 3870 tam
663 3813 775 3884 muccis
797 3830 881 3884 quam
897 3812 1017 3887 syriacis
1034 3811 1148 3884 scriptis
1165 3812 1242 3870 haud

267 3915 410 3972 mediocre
427 3926 542 3975 exstare
558 3919 746 3988 adjumentum
765 3919 803 3974 ad
820 3917 952 3974 criticam
968 3916 1043 3973 Novi
1058 3916 1242 3985 Testamenti,

264 4021 641 4081 testiscstwcttsteaius
656 4021 924 4094 iarroteggmu
940 4021 1022 4083 Μ’.
1039 4021 1243 4080 edScmlcr
