2626 4906
160 574 214 658 38

163 780 342 857 Homiliis
360 779 404 874 ω)
430 781 543 879 plura
564 776 642 879 'jam
668 804 689 853 a
713 779 817 855 libro
841 776 1024 855 Henochi
1048 802 1129 853 mu-

163 919 261 993 tuati
287 926 413 992 essent
439 917 615 1016 adeoque
637 916 810 992 homines
830 916 1008 1017 gnostici,
1034 940 1131 1014 quos

164 1067 297 1130 noster
322 1053 508 1153 imprimis
534 1063 751 1153 oppugnat,
788 1079 885 1152 prae
911 1051 1054 1127 ceteris
1081 1052 1132 1126 ad

164 1191 393 1265 traditiones
432 1189 655 1289 scriptaque
675 1191 919 1299 ¹Apocrypha
944 1213 1132 1289 provoca-

164 1337 255 1400 rent
290 1351 333 1400 ac
368 1327 471 1400 forte
501 1327 605 1401 hunc
631 1327 756 1426 ipsum
780 1325 964 1400 Henochi
988 1325 1133 1399 librum

164 1462 455 1562 propugnandis
492 1462 620 1563 impiis
658 1463 734 1538 suis
772 1460 994 1537 commentis
1019 1486 1134 1560 prae·

160 1608 367 1693 texerent,
401 1599 486 1701 ipse
511 1599 622 1680 illum
648 1598 901 1703 cognoverit,
935 1596 1040 1675 haud
1065 1621 1134 1673 ne-

165 1760 273 1813 cesso
301 1745 370 1822 est,
1015 1743 1017 1746 ’

241 2015 277 2090 9.
329 2014 393 2090 De
431 2015 588 2093 Judaeis
626 2017 714 2093 satis
752 2015 899 2090 dictum
936 2020 1013 2109 est,
1062 2011 1136 2090 alia

42 2138 44 2151 '
166 2148 289 2255 enim,
338 2177 437 2250 quae
472 2154 519 2227 ab
554 2152 789 2231 iudaeorum
828 2150 1034 2250 disciplina
1059 2149 1137 2225 sibi

166 2289 533 2384 accommodaverit,
577 2290 688 2384 alias,
726 2287 906 2364 nimirum
939 2287 1137 2388 incapite

165 2423 284 2500 tertio
319 2435 359 2499 et
392 2436 528 2524 quarto
562 2426 633 2501 ubi
668 2426 719 2501 de
758 2425 1047 2525 interpretandi
1077 2448 1137 2500 ra·

164 2559 273 2634 tione
301 2561 478 2637 strictior
504 2563 582 2638 erit
607 2562 828 2662 disputatio,
857 2561 1138 2637 consideratius

165 2709 226 2770 est
252 2722 469 2797 exponere3
507 2723 611 2774 nunc
638 2699 820 2774 adalind
854 2724 976 2798 genus
1017 2709 1139 2774 trans·

165 2857 303 2907 eamus.
367 2835 413 2910 In
444 2859 522 2934 quo
556 2846 702 2947 tamen,
736 2835 805 2936 qui
838 2837 915 2911 sint
940 2835 1138 2935 interpre-

164 2978 224 3045 tes
264 2970 482 3065 christiani,
521 2973 660 3072 quibus
694 2973 936 3073 Ephraemus
968 2982 1138 3071 ,praeter

163 3104 329 3187 Judaeos
356 3134 445 3184 usus
468 3110 602 3202 suerit,
628 3110 660 3185 si
686 3110 851 3209 quaeris,
877 3134 1033 3203 vereor,
1069 3133 1136 3203 ne,

162 3242 196 3317 si
222 3244 275 3337 id,
304 3246 410 3342 quod
436 3246 507 3339 vis,
534 3246 705 3321 effecero
723 3272 857 3344 eaque,
884 3271 981 3343 quae
998 3245 1137 3340 habeo,

165 3401 411 3474 expressero,
450 3406 587 3479 parum
617 3382 691 3458 tibi
717 3382 949 3458 satisfaciam.
1031 3385 1138 3466 Quo-

163 3511 266 3586 niam
300 3539 396 3590 vero
422 3541 546 3616 pauca
571 3528 679 3615 sunt,
722 3543 769 3592 ex
807 3490 947 3618 quibns
985 3520 1036 3596 de
1073 3544 1135 3622 eo,

217 3862 266 3935 59)
283 3860 386 3915 Hamil.
405 3858 490 3918 vlu.
509 3863 551 3919 12.
594 3859 630 3916 ct.
648 3860 676 3917 N
683 3862 802 3918 eandri
826 3861 864 3929 V,
883 3861 912 3919 S.
930 3861 969 3920 V.
996 3862 1137 3930 &canisae

165 3961 349 4034 donnicatum
367 3967 408 4021 bat
425 3965 590 4032 aomanorum
608 3965 749 4035 gnostifdna
766 3967 888 4032 &nieme
907 3984 935 4035 p.
959 3971 1019 4026 tot.
1037 3969 1100 4027 4⁰⁵.
