2626 4906
1074 589 1127 668 95

159 768 390 893 potestatem
415 768 609 866 venerunt
630 791 705 887 ¹³²);
731 792 852 866 omnis
865 789 1023 892 quidem
1035 795 1125 871 Ara-

159 955 263 1027 maea
287 930 554 1029 posttertiam
579 927 662 1003 sive
687 929 917 1027 Ephesinam
941 932 1057 1026 (431)
1085 945 1127 1008 et

160 1079 351 1166 quartam,
402 1067 484 1141 sive
526 1063 891 1140 Chalcedonensem·
925 1066 1125 1167 Synodum

160 1204 443 1278 oe'comenicam
455 1203 581 1297 (451),
607 1198 649 1275 in
669 1202 855 1277 factiones
875 1203 998 1278 divisa
1011 1207 1124 1281 adeo-

161 1320 234 1440 qne
262 1341 430 1415 lacerata
455 1340 541 1434 fuit,
576 1349 691 1436 atque
718 1339 928 1434 Jacobitae,
961 1343 1038 1417 hoc
1066 1353 1124 1419 est

161 1477 325 1551 ecclesia
351 1477 674 1576 monophysitica,
719 1476 866 1576 quippe
900 1477 969 1575 qui
992 1481 1124 1554 conci-

161 1614 252 1688 lium
279 1593 597 1689 Chalcedonense
618 1623 862 1714 respuerent,
886 1613 923 1691 N
924 1615 1123 1691 estorianis

161 1750 444 1850 oppugnabant,
461 1761 629 1849 uterque
642 1776 739 1826 vero
755 1749 989 1826 Orthodoxis
1000 1778 1123 1853 oppo-

162 1889 302 1961 nebant
327 1912 426 1961 seso:
465 1888 535 1961 sed
560 1900 686 1962 tamen
711 1897 800 1986 post
824 1896 993 1964 exortam
1018 1889 1123 1966 illam

163 2010 273 2123 atque
317 2025 396 2098 late
438 2024 723 2117 circumfusam,
766 2024 1123 2124 Menophysitarum

163 2158 357 2261 imprimis,
375 2160 565 2254 haeresin,
578 2161 619 2236 in
633 2161 908 2261 Mesopotamia
922 2162 1123 2262 episcopo-

164 2324 242 2373 rum
253 2309 295 2372 et
305 2298 508 2372 doctorum
520 2298 676 2373 maxima
687 2299 834 2373 exstitit
842 2297 967 2398 copia,
985 2301 1123 2398 quior·

163 2436 363 2511 thodoxam
388 2436 504 2510 fidem
528 2435 673 2510 acriter
687 2413 942 2512 retinu'erunt„
994 2437 1122 2536 Atque

162 2571 199 2648 in
243 2574 321 2648 hoc
359 2572 444 2672 ipso
486 2599 648 2648 numero
684 2572 868 2674 discipuli
914 2552 1123 2672 Ephraemi

162 2711 242 2786 fere
278 2708 410 2785 omnes
450 2710 577 2785 exorti
611 2720 717 2804 sunt,
750 2711 792 2784 in
829 2734 956 2806 eoque
993 2733 1123 2784 omnes
1165 2726 1176 2747 “

162 2846 472 2948 praestantissimi
488 2846 787 2947 Mesopotamiae
805 2847 1053 2945 interpretes,
1078 2855 1125 2920 ut

162 3011 207 3059 ex
231 2984 466 3084 fragmentis,
493 2983 539 3058 ab
559 2982 794 3056 Assemani
819 2982 1029 3079 decerptis,
1053 3008 1123 3081 po-

161 3132 233 3195 test
258 3121 449 3221 perspici,
492 3118 701 3219 Ephraemi
733 3119 950 3216 exemplum
973 3115 1123 3209 imitati,

161 3256 343 3333 historice
369 3256 480 3333 simul
507 3268 548 3332 et
572 3257 734 3356 mystice
766 3253 974 3355 scripturas
1000 3276 1124 3326 sacras

163 3394 410 3494 explicantes,
430 3394 692 3494 reperiuntur.
731 3391 865 3467 Laude
884 3402 1010 3466 tamen
1026 3414 1122 3490 prae

164 3531 303 3607 ceteris
335 3533 524 3631 insignes,
572 3530 710 3629 quibus
746 3528 919 3603 Aramaei
946 3537 1004 3619 et
1039 3525 1123 3625 qui-
1172 3530 1182 3544 ⁸

165 3693 316 3768 cunque
358 3670 461 3769 apud
504 3694 570 3744 eos
616 3664 874 3766 exquisitioris
922 3662 1122 3738 doctrinae

163 3865 371 3882 -υ--ιι-

213 3980 274 4043 132)
292 3975 332 4033 id.
349 3977 369 4033 l.
385 3977 405 4031 l.
424 3972 447 4029 1.
465 3990 493 4043 p.
511 3975 571 4033 262.
