2626 4906
238 593 336 645 Vl.

237 800 353 876 saepe
381 775 567 868 declarat,
595 774 765 848 studiose
792 775 1030 873 perquisitis,
1056 782 1213 856 tandem

237 939 287 988 eo
319 912 484 986 animum
518 912 717 1004 converti,
754 925 801 1026 ut
829 911 1058 1010 interpretis
1090 919 1214 993 nostri

236 1050 461 1149 imaginem,
501 1061 684 1146 quantum
717 1050 796 1146 pro
825 1049 957 1147 operis
985 1052 1214 1130 difficultate

237 1198 279 1262 et
305 1187 448 1261 virium
475 1211 644 1259 mearum
670 1185 894 1260 infirmitate
921 1186 1084 1281 licebat,
1118 1217 1216 1265 sum-

237 1349 298 1397 ma
333 1324 412 1396 lide
438 1348 489 1396 ao
516 1324 641 1422 polite
669 1322 781 1429 simul
808 1323 920 1398 vobis
948 1325 1217 1404 adumbrarem

236 1461 459 1559 viridisque
487 1461 682 1534 coloribus
707 1461 978 1560 exprimerem.
1032 1465 1152 1538 Volui
1175 1468 1217 1540 id

239 1598 398 1696 quidem
443 1599 604 1671 efficere
653 1573 764 1672 certe
804 1598 997 1696 etcapio
1036 1625 1216 1698 magnum

235 1737 417 1829 fructum,
444 1736 598 1811 scilicet
624 1735 655 1811 si
682 1735 788 1833 quod
814 1736 935 1827 volui,
971 1745 1074 1809 tanta
1102 1738 1143 1810 in
1170 1765 1215 1812 re

237 1885 467 1980 consecutus
487 1875 568 1950 sim.
617 1873 699 1950 Sed
720 1873 901 1948 nimirum
922 1872 1083 1947 difficile
1100 1875 1215 1949 fuisse

236 1990 329 2101 lioc,
365 2010 621 2106 plurimisque
650 2012 945 2084 difficultatibus
972 2011 1216 2108 impeditum,

236 2146 452 2246 prudentes
473 2170 552 2219 non
574 2145 697 2242 sugit3
725 2146 904 2242 quoniam
931 2169 975 2218 ea
1003 2146 1077 2238 via,
1104 2173 1217 2244 quam

236 2282 394 2382 ingredi
421 2284 607 2375 conabar,
644 2287 842 2382 perpauca
869 2292 1015 2355 tantum
1043 2282 1217 2358 virorum

187 2408 190 2413 ¹
237 2421 440 2496 doctorum
458 2421 622 2521 vestigia
640 2432 751 2552 erpnt
769 2420 952 2518 impressa
970 2432 1011 2493 et
1036 2421 1217 2495 lubricis-

237 2558 338 2631 simis
359 2559 515 2656 quidem
539 2559 579 2631 in
602 2558 711 2651 locis,
736 2558 897 2632 alioruin
919 2558 1148 2631 auctoritate
1171 2584 1215 2631 ac

237 2696 413 2788 consilio,
440 2721 518 2794 quo
544 2696 656 2770 labor
681 2704 837 2794 poterat
863 2694 1059 2790 aliquanto
1087 2695 1216 2768 suble-

236 2832 333 2926 vari,
369 2833 486 2931 plane
512 2834 695 2908 relictum
720 2859 781 2907 me
809 2830 987 2931 cognovi.
1040 2831 1214 2928 Namque

238 2992 304 3063 ea,
346 2995 447 3069 quae
483 2971 708 3065 Gaabius,
746 2996 794 3045 eo
821 2970 930 3062 loco,
972 2993 1087 3066 quem
1114 2968 1216 3040 infra

237 3107 433 3204 indicabo,
460 3109 512 3184 de
539 3121 668 3183 nostra
696 3135 741 3184 re
762 3105 984 3207 proposuit,
1019 3126 1217 3200 perpauca

237 3247 460 3343 nulliusque
488 3258 576 3321 sunt
602 3245 803 3338 momenti3
844 3254 960 3337 atque
993 3239 1094 3313 illud
1126 3240 1218 3314 Er·

227 3382 418 3474 ,nestii,
455 3383 505 3455 de
539 3380 748 3480 Ephraemi
784 3378 1108 3474 interpretatione
1135 3377 1219 3474 pla-¹

135 3490 136 3494 Ἰ
239 3518 371 3611 citum,-
404 3519 607 3618 praeclare
634 3518 790 3616 quidem
819 3538 927 3588 more
955 3517 1037 3613 ejus
1065 3513 1217 3613 exposi-

239 3664 342 3748 tum,
386 3657 486 3730 nihil
508 3657 587 3731 nisi
612 3656 788 3730 locorum
814 3652 1107 3744 inessianorum,
1148 3651 1217 3749 qui

240 3793 443 3884 dicuntur,
478 3794 775 3894 explicationem
801 3792 963 3866 brevem
990 3787 1217 3887 complecti-

239 3940 315 4008 tur.
369 3935 500 4015 Quare
533 3960 623 4029 vos,
660 3933 727 4032 qui
759 3931 915 4031 judices
947 3929 1114 4022 sedetis,
1153 3951 1215 4001 ma
