2626 4906
1052 604 1127 694 '145
1260 636 1263 642 ’

160 843 203 895 ea
229 818 400 914 notione,
434 832 546 918 quam
573 822 695 897 ‘verbo
722 816 925 928 ἅλληγορεῖν,
960 818 1047 898 fere
1079 837 1128 901 e'x
1161 850 1164 852 ’

159 958 325 1031 omnium
352 957 520 1054 quidem,
548 959 616 1056 qui
641 969 729 1058 post
756 959 939 1060 Origenis
965 972 1128 1035 aetatem

112 1178 116 1192 ,
162 1095 383 1192 viguerunt,
405 1087 562 1192 'patrum
588 1095 829 1190 auctoritate,
857 1118 924 1170 suo
947 1098 1038 1194 jure
1059 1098 1128 1170 tria

161 1231 245 1304 buit
270 1231 543 1325 Ernestius,
580 1243 624 1305 ut
649 1232 829 1306 nimirum
856 1234 1008 1307 dicatur
1034 1247 1128 1327 tum,

162 1378 277 1464 quum
303 1392 351 1441 ex
376 1369 507 1442 verbis
541 1368 614 1442 alia
647 1370 834 1466 quaedam
858 1371 1018 1470 mystica
1045 1372 1129 1444 sive

162 1505 293 1603 typica
318 1505 508 1578 sententia
533 1525 675 1579 revera
700 1506 743 1579 in
768 1505 982 1599 iis'abdita,
1017 1532 1129 1604 praea

160 1649 220 1714 ter
245 1641 440 1715 literalem
471 1663 621 1716 sensum
658 1643 827 1736 dicatur,
864 1643 961 1740 quid
995 1643 1129 1741 igitur,

161 1778 276 1876 quod,
293 1780 365 1851 hac
378 1779 460 1877 ipsa
473 1779 632 1853 notione
647 1780 838 1872 distincta,
859 1780 979 1853 altera
999 1779 1129 1878 potius

161 1941 234 1989 vox
260 1915 430 1988 Theoria
451 1915 554 2013 apud
573 1935 715 2009 omnes,
742 1926 923 2012 quantum
946 1916 1129 2012 equidem

161 2052 257 2146 seio,
292 2063 520 2151 usurpatur,
559 2052 666 2150 quod
691 2078 740 2127 ex
764 2053 832 2146 iis,
871 2077 969 2151 quae
995 2053 1129 2152 paullo

160 2199 246 2287 post
279 2189 539 2282 monebimus,
577 2189 665 2263 satis
701 2189 913 2288 apparebit.
980 2189 1130 2270 Quodsi

160 2336 305 2419 tamen,
339 2335 383 2399 ut
408 2325 507 2399 hanc
533 2345 718 2420 caussam,
752 2327 804 2400 de
832 2351 906 2424 qua
930 2313 1036 2399 inter
1060 2326 1130 2399 hos

159 2465 279 2543 mines
317 2463 475 2536 criticos
501 2463 731 2562 ambigitur,
768 2472 814 2538 ut
838 2474 1001 2561 potero,
1040 2472 1129 2536 ante

161 2601 283 2675 omnia
302 2600 512 2694 conficiam,
540 2600 636 2699 quid
659 2601 806 2699 scripto
824 2599 991 2674 Diodori
1009 2597 1131 2673 fuerit

163 2737 378 2837 argumenti
405 2737 571 2834 quaeris,
609 2737 804 2835 equidem,
831 2748 1013 2834 quantum
1039 2753 1131 2809 con*
1199 2820 1202 2825 ,

158 2876 311 2973 jectum
342 2860 444 2946 ⁴licet
479 2872 649 2971 assequi,
697 2897 815 2971 quum
853 2872 905 2945 de
940 2898 988 2945 eo
1024 2872 1130 2946 nulla

161 3021 402 3085 monumenta
416 3011 636 3108 loquantur,
656 3007 836 3104 conjicio,
856 3006 957 3080 illud
969 3007 1132 3081 maxime

162 3147 207 3223 in·
219 3172 267 3222 eo
288 3147 456 3245 positum
475 3147 603 3239 fuisse,
626 3154 671 3219 ut
687 3144 924 3239 ostenderet,
948 3143 1131 3241 quantum

163 3285 342 3360 differret
377 3283 481 3357 inter
506 3308 637 3358 veram
655 3281 902 3381 allegoriam,
929 3299 950 3354 a
974 3280 1131 3356 Judaeis
1164 3269 1165 3272 ¹

163 3446 234 3496 nec
262 3441 351 3494 raro
379 3421 493 3493 etiam
514 3422 561 3495 ab
581 3419 665 3519 ipso
685 3419 860 3518 Origene
882 3417 1131 3518 propositam,

164 3581 237 3656 qua
271 3559 410 3632 literae
447 3557 588 3631 veritas
624 3556 778 3631 omnino
814 3565 1042 3654 negaretur,
1090 3562 1132 3628 et

166 3695 267 3769 inter
293 3720 377 3768 eam
401 3692 686 3793 interpretandi
708 3693 907 3785 rationem,
935 3716 1046 3791 quam
1065 3691 1131 3766 alii

165 3832 267 3906 haud
291 3830 434 3928 injuria
462 3832 599 3905 eodem
616 3831 688 3905 illo
707 3829 863 3903 nomine
882 3828 1130 3927 allegoriam,

167 3966 231 4045 uti
251 3977 378 4044 autem
391 3968 427 4042 T
426 3966 599 4042 heoriam
617 3969 826 4067 appellant,
841 3988 926 4064 qna,
947 3946 1130 4038 incolumi

942 4102 976 4152 lo
