2626 4906
167 633 220 715 84

60 889 62 893 <
169 836 389 934 loo-170)
415 834 490 913 suit
513 833 709 912 familiaris
734 837 776 933 c)
803 846 844 913 et
870 830 918 913 ex'
945 834 1137 915 Chronici

167 975 356 1054 Edesseni
401 973 621 1050 testimonio
667 974 723 1070 ¹⁰⁵)
775 975 948 1075 perspici
992 987 1136 1075 potest,

166 1114 354 1214 templum
385 1111 574 1187 ecclesiae
606 1112 823 1186 Edessenae
859 1094 957 1186 anno
992 1114 1144 1241 2021).¹

166 1250 260 1327 Chr.
303 1249 347 1324 in
395 1249 553 1324 maxima
603 1247 855 1323 inundatione
906 1248 1141 1326 concidisse:

112 1453 117 1461 x
165 1387 379 1464 Edessenos
404 1368 526 1481 vero,
556 1387 634 1484 jam
668 1385 788 1459 tertio
820 1385 974 1459 saeculo
1000 1385 1136 1460 Antio-

165 1523 276 1597 chiae
311 1523 588 1622 Metropolitae
627 1521 893 1595 subordinatos
931 1520 1007 1616 ¹⁰⁶),
1044 1533 1136 1621 post

164 1659 324 1760 primam
345 1657 649 1752 conversionem,
674 1683 796 1756 usque
818 1658 867 1731 ad
884 1683 992 1732 suum
1012 1658 1134 1758 ipsius

164 1805 338 1896 tempus,
376 1819 567 1893 nunquam
606 1794 813 1886 defecisse,
852 1804 982 1868 narrat
1012 1794 1134 1869 Euse-

164 1933 250 2009 bius
276 1933 344 2027 ¹⁰⁷),
373 1941 489 2031 atque
513 1930 745 2030 religionem
771 1929 1014 2005 christianam
1037 1930 1133 2006 inde

165 2069 212 2142 ab
238 2067 381 2142 Edessa
411 2092 486 2166 per
520 2067 701 2166 regiones
727 2066 971 2141 occidentem
996 2093 1133 2142 versus

164 2203 259 2279 sitas
273 2212 522 2303 propagatam
540 2228 635 2298 esse,
656 2201 863 2279 existimari
881 2214 1019 2301 potest.
1071 2205 1133 2279 Ex

165 2340 303 2440 quibus
328 2365 425 2414 vero
451 2339 624 2415 omnibus
649 2340 778 2434 fiebat,
804 2348 848 2413 ut
872 2339 1027 2432 Edessa,
1055 2340 1132 2416 hac

164 2485 268 2553 tanta
292 2477 408 2551 laude
434 2476 651 2571 clarissima,
685 2476 777 2553 urbs
802 2485 929 2552 sancta
953 2474 1036 2552 sive
1060 2475 1130 2552 be-

163 2614 320 2694 nedicta
345 2613 546 2688 diceretur
570 2614 637 2709 ¹⁰⁸).

214 2957 241 3022 *)
258 2955 387 3012 Assem.
406 2955 439 3013 B.
459 2955 493 3011 0.
516 2954 540 3010 1.
557 2958 617 3014 989.
634 2955 691 3013 not
709 2957 735 3014 5.
765 3013 767 3017 ,
871 3022 877 3032 ,

214 3095 279 3161 195)
296 3095 333 3151 id.
352 3095 381 3151 in
396 3096 431 3152 B.
449 3096 484 3151 0.
502 3096 528 3151 1.
544 3112 572 3166 p.
590 3100 649 3171 991.
668 3095 717 3149 tin.

220 3234 281 3296 106)
298 3233 415 3288 Eusebii
432 3232 554 3288 chronic.
572 3231 725 3287 breviatum
745 3230 817 3298 quod
836 3229 1046 3286 communicavit
1061 3230 1127 3287 hn-

164 3333 249 3402 gelo
266 3333 352 3402 Maji
368 3335 398 3389 in
414 3335 522 3404 scriptt
539 3343 594 3390 vet.
612 3351 697 3390 nova:
717 3334 781 3388 coll.
799 3334 832 3388 T.
851 3333 875 3388 Ι.
893 3352 920 3403 p.
938 3337 983 3391 22.

214 3471 276 3537 1⁰7)
293 3470 330 3526 Η.
347 3469 382 3528 E.
400 3471 441 3526 11.
458 3487 482 3527 c.
501 3475 525 3528 1.
544 3470 609 3528 edit
627 3469 821 3537 Heinichen
838 3469 862 3526 1.
881 3489 908 3538 p.
925 3473 969 3529 ot.

214 3608 276 3671 108)
294 3604 342 3662 Sic
358 3608 394 3662 ab
411 3607 498 3664 Josua
512 3607 615 3681 Stylite
632 3607 660 3665 in
673 3608 795 3664 Praelat.
809 3607 941 3662 chronici
955 3624 1000 3676 ap.
1016 3606 1124 3664 Assem.

162 3709 202 3766 B..
215 3709 250 3765 0.
268 3709 292 3764 l.
310 3727 339 3780 p
356 3714 416 3769 261.
434 3715 501 3778 2783
531 3728 617 3784 porro
640 3713 675 3766 ab
699 3710 831 3766 chronici
848 3710 983 3765 Edesseni
1000 3719 1124 3777 auctore,

162 3812 181 3867 Ι.
199 3811 218 3867 l.
235 3829 264 3880 p.
281 3816 342 3870 417.
359 3822 388 3868 et
403 3814 439 3869 ab
456 3813 519 3883 ipso
536 3815 693 3884 Ephraemo
709 3822 806 3871 nostro
824 3812 853 3868 in
867 3813 993 3868 Carmine
1010 3829 1069 3884 syr.
1087 3813 1124 3866 de

162 3912 219 3967 fine
241 3913 315 3970 vitae
338 3932 405 3971 suae
428 3917 457 3971 in
476 3918 551 3988 Opp.
569 3933 611 3986 gr.
630 3917 670 3973 11.
687 3935 717 3988 p.
736 3921 796 3974 399.
814 3915 849 3971 Α.
867 3916 901 3970 Β.
924 3949 957 3959 -
985 3914 1123 3969 Similiter

160 4016 244 4074 etiam
259 4018 414 4089 scripturae
431 4035 526 4076 sacrae
543 4018 680 4099 Syrorum
705 4017 895 4088 interpretatio
919 4017 1077 4072 orthodoxa
1093 4026 1122 4073 et
