2626 4906
77 805 263 882 mortario
310 810 564 880 contererent
611 810 654 878 et
694 801 875 903 placenta
918 828 969 881 ex
1006 831 1055 883 ea

76 953 312 1044 coquerent:
339 969 498 1019 mannae
523 968 702 1042 saporem
726 969 850 1042 usque
870 954 937 1019 aut
952 945 1054 1021 mola

75 1096 141 1159 aut
166 1068 394 1158 mortarium
419 1092 485 1157 aut
509 1082 588 1156 olla
612 1083 656 1176 43)
682 1091 749 1157 aut
772 1083 953 1182 placenta
973 1109 1053 1160 mo·

74 1221 325 1297 derabantur.
361 1264 413 1276 -
449 1221 560 1302 Quae
595 1220 722 1296 omnia
765 1247 884 1321 quum
918 1221 973 1296 ita
1008 1247 1052 1299 sa

72 1359 260 1451 habeant,
297 1383 377 1433 nou
401 1383 618 1457 possumus,
666 1357 764 1457 quin
788 1383 886 1439 cum,
902 1358 1051 1435 Wisess

73 1520 239 1571 manno
264 1497 309 1589 ⁴⁴)
334 1496 527 1590 iaciamus,
553 1495 623 1595 qui
636 1495 898 1596 Ephraemum
914 1523 1053 1577 vocem

72 1633 179 1708 illam
206 1631 448 1728 Cus’bartho,
479 1644 671 1734 tamquam
696 1634 891 1734 antiquam
916 1646 960 1711 et
982 1635 1052 1709 ob·
1082 1715 1092 1729 ,
1189 1654 1192 1664 ·

70 1771 244 1863 soletam,
271 1793 320 1846 ex
344 1786 401 1854 aaa
427 1772 541 1847 omnis
566 1783 608 1846 et
632 1800 761 1880 aquarn
786 1772 891 1846 cibas
909 1772 1053 1847 confla.-

72 1918 149 1984 tam
175 1909 351 1984 sumsisse
377 1918 522 1985 censet.
557 1909 696 2007 Neque
716 1934 764 1984 eo
784 1919 921 1984 contra
940 1909 1051 2008 leges

71 2046 338 2145 grammaticas
365 2046 546 2144 deliquit,
572 2046 754 2144 quoniam
768 2047 885 2122 litera
902 2046 1052 2145 liquida
1096 2110 1108 2119 .

70 2183 268 2277 Lomad,
295 2184 615 2282 quemadmodum
641 2184 684 2259 in
708 2184 890 2259 hebraeis
917 2195 958 2260 et
982 2184 1052 2258 im-

69 2322 207 2422 primis
233 2321 277 2396 in
314 2321 477 2395 arabicis
502 2323 569 2415 ⁴⁵),
607 2321 759 2420 saepius
799 2321 1052 2419 subsequenti

69 2459 213 2534 literae
241 2458 480 2552 assimilatur,
506 2458 562 2532 sic
588 2458 631 2533 in
657 2459 817 2557 syriacis
843 2459 927 2533 sive
946 2460 1051 2533 linea

68 2598 295 2707 occultante
321 2596 536 2695 subscripta
555 2595 773 2694 negligitur
792 2596 876 2670 sive
895 2595 1050 2672 omnino

67 2734 223 2811 excidit
248 2736 586 2832 nonnunquam⁴⁶).
613 2779 665 2792 -
690 2733 775 2811 Sed
800 2733 932 2828 video,
959 2733 1051 2810 dum

115 2977 166 3041 43)
186 2988 313 3066 paq-1522,
339 2973 385 3029 his
400 2971 508 3028 scilicet
525 2973 637 3041 punctis
654 2972 799 3027 vocalibus
816 2918 977 3028 instructalrn
995 2989 1047 3028 vo·

66 3095 127 3132 cem
154 3076 262 3146 ubique
290 3075 526 3146 deprehendimus
552 3093 643 3143 neque
670 3091 758 3168 &Tisi
784 3077 933 3144 scriptam,
966 3074 1049 3130 sicuti

65 3181 267 3248 pronuntiatur
300 3179 489 3235 Michaelis
525 3177 554 3232 in
589 3179 663 3233 Cast.
696 3180 769 3234 Lex.
806 3178 872 3253 syr.
904 3184 963 3238 781.
999 3177 1050 3233 ubi

68 3287 201 3355 exempla
217 3301 335 3355 prorsus
352 3283 557 3338 desiderantur.
609 3282 645 3339 Iu
661 3282 713 3349 iis,
740 3299 814 3351 quae
836 3282 928 3339 statim
952 3284 1050 3339 subse-

67 3397 195 3456 quuntur
220 3388 245 3444 I.
272 3392 332 3446 256.
358 3387 395 3442 D.
420 3386 539 3457 legimns
561 3386 708 3455 pluraliter
735 3402 824 3471 ιη’-η).
853 3385 1006 3455 itidemque
1029 3364 1050 3442 l.

68 3495 129 3551 336.
149 3492 186 3546 D.
205 3490 257 3547 ubi
273 3506 335 3544 cum
352 3491 440 3544 verbo
457 3507 558 3562 synon.
577 3505 664 3575 &ula
682 3490 868 3560 componitur.

120 3649 168 3706 lt)
187 3644 407 3700 Wisemanni
425 3644 522 3698 Horae
539 3641 605 3716 Syr.
624 3663 652 3723 p,
671 3648 731 3701 127.

119 3787 166 3850 45)
185 3803 212 3841 v.
230 3782 378 3839 Gesenii
396 3782 600 3861 Lehrgebiiude
617 3791 670 3838 oet.
688 3801 716 3850 p.
736 3786 795 3843 132.
815 3786 845 3840 b.

120 3925 168 3986 ta)
189 3921 295 3976 Mn.
314 3920 522 3975 Hoffmanni
546 3920 747 3976 Grammaticus
764 3920 901 3993 Syriacae
921 3921 969 3977 lib.
988 3919 1044 3975 111.

71 4041 99 4092 p.
118 4030 179 4085 128.
198 4028 226 4092 t)
242 4028 272 4089 a)
291 4041 318 4093 p.
338 4028 401 4083 129.
419 4027 448 4089 2)
467 4026 503 4087 c).
730 4028 734 4037 '
797 4036 801 4043 '
