2626 4906
1076 581 1156 661 279

180 809 319 873 regnum
340 783 538 850 Alexandri.
568 782 670 851 Pedes
692 806 732 849 ex
751 796 845 866 purte
858 784 977 877 ferrei,
1001 808 1041 852 ex
1059 801 1154 871 purte

178 914 266 992 lutei,
289 913 368 972 sunt
389 907 505 970 decern
526 905 580 969 illi
603 924 711 989 regeS,
742 907 801 989 qui
822 913 900 991 post
921 907 1154 974 Alexandrum

178 1084 412 1104 Μ

178 1196 212 1251 ad
231 1174 328 1263 istum,
343 1214 424 1266 quem
443 1194 611 1266 quaerimus,
629 1196 731 1264 locum,
749 1197 878 1266 interque
887 1199 1057 1256 novissimos
1068 1200 1152 1256 Com-

178 1309 344 1355 mentatores
361 1302 504 1356 Bertho
515 1301 549 1355 ld
560 1311 594 1356 to
612 1301 694 1357 ualde
711 1301 826 1368 placuit.
862 1302 957 1372 Atque
975 1303 1058 1370 illud,
1076 1304 1153 1373 quod

181 1407 313 1470 volumus,
332 1414 408 1474 patet
423 1407 481 1472 jam
498 1423 536 1459 ex
554 1407 617 1458 loco
636 1405 686 1472 qui
703 1413 795 1460 exstat
812 1423 837 1462 c.
856 1411 882 1472 6,
900 1411 953 1472 29,
973 1407 1022 1461 ubi
1039 1424 1056 1460 a
1073 1408 1152 1480 Cyro

178 1509 264 1562 Persa
281 1509 367 1562 alium
385 1509 521 1576 quendam
548 1527 658 1577 regem,
676 1510 726 1576 qu'i
751 1508 794 1564 est
811 1509 916 1563 Darius
933 1511 1036 1565 Medus
1055 1513 1092 1576 (6,
1112 1513 1152 1579 l),

173 1591 304 1665 nimirum
330 1613 474 1684 cyaxares
499 1615 589 1680 alter,
616 1613 665 1681 qui
691 1613 770 1666 illum
798 1630 888 1681 regno
916 1614 1100 1668 antevertisse
1123 1621 1152 1670 ct

173 1715 363 1781 Belschazarq
382 1716 513 1770 nimirum
531 1716 688 1788 Labynedo
706 1717 744 1781 (5,
755 1719 810 1782 30),
829 1716 998 1772 successisse
1015 1717 1151 1787 perhibe·

171 1827 226 1885 tur,
245 1828 343 1890 aperte
360 1820 520 1874 distinctum
538 1819 672 1874 videmus.
706 1821 814 1889 Nempe
831 1837 899 1874 vero
917 1820 973 1873 hoc
991 1819 1148 1874 absurdum

171 1932 254 1988 esset,
273 1941 335 1977 cum
356 1925 551 1994 Hieronymo,
578 1923 612 1977 ad
631 1939 655 1977 c.
674 1925 706 1990 ὅ,
724 1929 774 1990 30,
792 1932 899 1990 putare,
927 1924 1003 1990 quod
1020 1923 1151 1977 vincente

170 2026 259 2097 Cyro,
279 2044 346 2095 rege
364 2028 523 2093 Persarum,
543 2035 571 2080 et
587 2026 687 2093 Dario,
706 2044 773 2095 rege
799 2027 958 2092 Medorum,
986 2027 1064 2080 solus
1088 2025 1148 2079 Da·
1169 2096 1170 2100 Ἰ

170 2130 230 2184 rius
248 2131 418 2185 successisse
442 2131 471 2185 in
490 2148 578 2199 regno
605 2115 754 2192 scribatur,
774 2131 902 2184 ordinem
920 2129 1022 2184 aetatis
1040 2145 1104 2183 esse
1122 2135 1151 2183 et

168 2222 388 2304 propinquitatis
406 2243 434 2289 et
451 2235 540 2304 regni.
559 2235 676 2289 Darium
694 2234 767 2289 enim
790 2233 938 2302 sexaginta
965 2233 1084 2286 duorum
1101 2249 1151 2286 an·
1213 2226 1222 2249 '

169 2353 269 2391 norum
292 2338 381 2393 fuisse
398 2347 427 2393 et
448 2342 537 2407 majus
561 2355 677 2406 regnum
699 2337 846 2392 Medorum
873 2354 956 2405 quam
979 2336 1146 2389 Persarum:

170 2440 295 2510 adeoque
312 2443 488 2510 avunculum,
506 2441 554 2510 qui
563 2443 642 2511 prior
652 2452 724 2497 esset
738 2445 803 2510 jure
820 2452 944 2506 naturae,
962 2456 1152 2494 successorem

171 2544 251 2610 regni
263 2538 465 2600 'numerandum
483 2546 579 2601 fuisse.
596 2581 631 2590 -
647 2547 719 2600 Tum
736 2545 869 2612 loquatur
884 2545 963 2598 locus
981 2561 1005 2599 c.
1015 2548 1042 2610 9,
1062 2544 1086 2598 l.
1098 2543 1148 2598 nbi

168 2645 304 2711 Darinm,
339 2649 478 2704 Abasveri
512 2649 612 2718 filium,
646 2666 747 2719 nempe
782 2648 856 2717 quod
892 2646 1001 2712 sciam,
1027 2638 1149 2700 Darium

167 2746 293 2814 Medum,
328 2761 423 2818 regem
458 2751 560 2804 factum
594 2768 657 2805 esse
691 2768 778 2820 super
810 2767 929 2818 regnum
946 2751 1152 2804 Chaldaeorum

168 2850 264 2919 legis;
301 2860 359 2907 tum
393 2853 473 2907 locus
508 2858 560 2921 ll,
595 2858 621 2908 1.
657 2853 721 2907 coll.
767 2858 820 2917 10,
855 2857 908 2909 20.
952 2857 996 2908 21.
1032 2858 1070 2917 (v.
1106 2855 1151 2915 13)

167 2972 224 3022 quo
242 2956 398 3012 Medorum
415 2973 566 3026 regnuma
592 2956 679 3011 Medo
697 2985 711 2998 ·
731 2954 852 3009 Persico
885 2955 937 3006 sub
956 2953 1032 3025 Cyro
1056 2955 1146 3009 mani-

167 3059 239 3111 festo
257 3059 451 3128 distinguitur.
505 3062 676 3129 Quamquam
703 3057 783 3112 illum
814 3058 907 3111 locum
935 3055 982 3109 hic
1000 3057 1146 3124 copiosius

167 3170 299 3229 tractare,
319 3164 434 3232 longum
453 3172 504 3219 est.
544 3165 608 3218 Hoc
625 3172 716 3217 antem
733 3170 838 3216 certum
856 3171 940 3229 atque
956 3163 1147 3230 exploratum,

163 3263 231 3319 libri
255 3265 384 3320 Danielis
408 3277 550 3322 auctorem
576 3266 726 3321 secundum
754 3266 889 3320 historiae
918 3264 1064 3319 veritatem
1091 3263 1150 3318 sibi

164 3368 353 3437 persuasisse,
371 3369 585 3438 Medos,'quum
601 3371 787 3444 Babyloniam
805 3377 1016 3438 expugnarent,
1035 3366 1144 3433 Persis,

164 3472 235 3526 duce
253 3472 340 3544 Cyro,
359 3474 414 3528 nisi
433 3484 569 3542 tamquam
588 3473 678 3541 copiis
696 3473 886 3528 auxiliaribus
902 3489 958 3526 non
979 3486 1047 3524 usos
1064 3485 1144 3537 esse,

172 3582 232 3628 tum
250 3593 328 3643 vero,
347 3577 554 3631 Chaldaeorum.
567 3594 656 3645 regno
673 3577 801 3631 a'Medis
826 3594 879 3646 per
897 3591 998 3630 annum
1022 3574 1083 3628 fere
1100 3591 1150 3627 oo-

172 3688 284 3747 cupato,
302 3681 407 3752 Cyrum
425 3691 573 3750 utrumque
589 3682 733 3750 populum,
751 3688 780 3734 et
798 3681 945 3735 Medorum
955 3691 983 3736 et
991 3682 1151 3747 Persarum,

168 3781 199 3835 in
218 3801 302 3836 unum
320 3801 437 3853 regnum
454 3801 650 3854 congregasse.
685 3783 837 3839 Praeclare
861 3758 951 3853 igitur
972 3785 1151 3853 Ephraemus

164 3894 262 3946 noster¹
278 3886 307 3941 in
325 3887 431 3943 Comm.
449 3889 494 3943 adu
518 3888 577 3944 Jer.
603 3891 646 3956 51,
664 3892 706 3947 db.
732 3889 786 3952 (ΙΙ.
805 3887 863 3946 162.
882 3889 941 3955 D.):
964 3888 1058 3944 Veniet
1074 3903 1149 3940 uun*-

158 3988 420 4063 rememorantem
443 3990 576 4048 cecidisse
594 4000 620 4048 ct
643 3992 853 4050 Belscbomum
870 3998 999 4048 mortuum
1024 4003 1098 4045 erse·
1112 3984 1148 4045 ec
