2626 4906
1082 603 1135 683 45

164 789 506 913 titare‘porroque¹
532 805 819 886 Chaldaeorum
849 781 902 884 ‹le
927 807 1006 886 fato
1032 807 1134 889 comz

111 953 117 973 ¹
162 959 290 1030 menta
309 949 551 1046 aliorumque
568 945 900 1047 philosophemata
918 931 1134 1048 ex'plodere

164 1097 339 1162 coactum
383 1109 425 1160 se
471 1083 640 1159 videret.
678 1134 680 1139 -
717 1083 993 1184 Philosophiae
1035 1112 1135 1163 vero

162 1249 349 1324 quaenam
386 1206 511 1296 fuerit
552 1220 773 1320 Ephraemo
822 1219 983 1296 vivente
1030 1225 1135 1324 apud

160 1363 283 1463 Syros
309 1358 484 1434 conditio
510 1365 553 1432 et
577 1357 741 1457 species,
767 1342 871 1432 haud
895 1359 1058 1436 difficile
1076 1371 1136 1438 est

159 1496 332 1598 cognitu.
383 1493 555 1569 Platonis
581 1493 685 1569 enim
710 1503 752 1568 et
775 1480 962 1593 imprimis
987 1488 1142 1574 Aristo-

159 1635 251 1710 telis
290 1632 342 1707 de
373 1628 620 1732 philosophia
650 1616 824 1730 practica
860 1618 984 1729 dicta,
1034 1659 1134 1734 quae

159 1773 229 1848 sub
266 1756 414 1845 saeculi
447 1766 576 1867 quinti
609 1766 762 1841 initium
799 1767 951 1868 syriace
990 1773 1147 1857 redde..

159 1918 301 1984 rentur
326 1897 390 2000 ⁶⁹),
423 1905 503 2003 jam
533 1901 689 2005 pridem
721 1905 825 2003 apud
856 1903 978 2006 Syros
1002 1909 1136 1985 ortho-

161 2046 295 2140 doxos,
324 2041 441 2118 sicuti
465 2050 598 2142 postea
624 2038 844 2117 etiamtum
870 2043 975 2142 apud
998 2044 1136 2122 Mono-

158 2181 335 2283 physitas
361 2188 443 2255 tum
467 2179 572 2279 apud
596 2177 858 2273 Nestorianos‚
889 2181 969 2256 coli
995 2194 1136 2283 coepta

161 2319 278 2394 luisse
313 2325 355 2392 et
396 2315 555 2416 linguae
593 2339 756 2445 graecae
799 2317 1019 2416 peritorum
1057 2346 1136 2421 ope

162 2454 367 2530 intellecta
400 2452 704 2552 circumlataque
738 2451 875 2549 fuisse,
913 2466 973 2531 est
1007 2428 1137 2533 crerli-

161 2583 254 2671 bile.
280 2636 333 2650 -
365 2591 428 2670 hd
453 2601 667 2666 extremum
691 2615 788 2666 vero
812 2614 864 2666 no
866 2600 949 2668 tatu
974 2584 1141 2694 dignum

162 2730 286 2825 duco,
322 2727 468 2830 Syrum
501 2739 674 2804 nostrum
708 2727 824 2803 etiam
858 2753 920 2804 res
944 2730 1138 2807 naturales
1228 2727 1230 2731 ’

162 2866 457 2967 haudquaquam
490 2864 710 2966 neglexisse
743 2864 937 2966 immoque
976 2877 1136 2944 naturae

163 2998 397 3081 scrutatores
427 3002 580 3104 saepius
610 3002 847 3078 consuluisse
873 3003 934 3098 70)-
992 3007 1137 3083 Passim

222 3249 273 3317 69)
289 3246 404 3303 Primus
420 3240 613 3301 omnium'suit
640 3237 788 3312 Sergius
813 3241 1052 3300 Rhesinensis
1077 3262 1137 3301 me·

174 3350 271 3420 dicus,
297 3351 347 3422 qui
371 3348 483 3406 saeculo
508 3346 606 3416 quinto
629 3343 740 3401 ineunte
757 3345 848 3401 libros
863 3345 1077 3420 philosophicos
1098 3366 1138 3405 ex

172 3471 274 3526 graeca
290 3455 321 3510 in
337 3453 477 3528 syriacam
502 3449 627 3521 linguam
644 3449 800 3517 transtulit,
817 3448 858 3505 uti
876 3458 987 3505 enarrat
1001 3451 1138 3508 Barhe-

171 3557 351 3616 brocaria
374 3558 470 3615 chron.
493 3571 553 3628 syr.
575 3571 605 3626 p.
623 3556 665 3611 62.
692 3552 757 3609 coll.
780 3553 909 3610 Assem.
926 3555 961 3610 Β.
980 3554 1091 3616 0.,ΙΙΙ.
1110 3563 1137 3615 1.

172 3666 212 3722 tt.
229 3665 314 3721 Illum
325 3679 395 3719 vero
406 3657 546 3728 insequuti
555 3655 746 3712 suntcumas
763 3665 792 3711 et
808 3655 949 3714 Probus
966 3657 1137 3726 quiAristo·

169 3766 228 3824 telis
244 3766 351 3836 scripta
367 3763 480 3838 syriace
498 3768 702 3818 converterunt.
736 3760 773 3817 cl.
791 3760 923 3819 Assem.
940 3761 960 3819 l.
979 3762 998 3818 l.
1015 3778 1046 3832 p.
1063 3766 1107 3823 85.

216 3907 262 3970 70)
280 3903 333 3960 Sic
346 3901 423 3973 quod
440 3902 470 3957 in
487 3899 577 3956 Serm.
594 3914 678 3968 exeg.
696 3897 737 3956 11.
754 3903 817 3958 ³17.
835 3898 871 3956 B.
888 3901 924 3956 (le
941 3902 1054 3957 humani
1071 3919 1139 3957 cor-

173 4008 248 4076 poris
275 4015 415 4066 structura
436 4000 599 4076 protulerit,
620 4001 674 4070 ait,
699 4002 736 4060 ab
758 4003 822 4060 aliis
844 4020 876 4061 se
898 4013 1050 4064 mutuatum
1073 4021 1138 4062 csse
