2626 4906
1051 571 1127 652 185

157 787 276 878 typus
303 774 449 851 exstitit
482 773 874 886 (sprdnff'n‘unm'ann).
911 781 1011 856 Tum
1028 783 1128 880 ejus-

159 918 248 989 dem
273 916 445 1015 nuptiae,
472 943 559 991 cum
585 917 740 1015 virgine
765 943 813 991 ex
832 920 1129 994 Philistaeorum

159 1055 291 1129 odiosa
317 1056 542 1152 rejectaque
566 1066 696 1153 gente,
724 1056 846 1154 qualis
864 1057 1022 1132 ludaeis
1044 1056 1129 1148 fuit,

160 1218 238 1265 non
267 1193 544 1286 disturbantur,
571 1209 612 1265 ut
637 1193 685 1267 iis
712 1194 897 1288 ecclesia,
939 1220 1038 1292 quae
1072 1196 1131 1266 su·
1253 1282 1254 1285 Ἴ

161 1341 247 1403 tura
276 1339 395 1423 esset,
430 1341 475 1404 ut
507 1331 673 1429 gentiles
708 1331 822 1404 etiam
848 1331 923 1405 sibi
951 1331 1131 1429 eligeret,
1176 1388 1179 1393 .
1255 1335 1257 1343 ⁴

159 1467 394 1542 manifestius
441 1493 516 1564 per
561 1469 788 1568 mysterium
839 1468 1133 1542 describeretur

163 1605 321 1697 (abarana,
342 1632 429 1710 nnus,
453 1633 552 1711 rnna-‚r
581 1606 609 1681 Ι.
638 1606 723 1683 223.
743 1606 817 1701 D),
844 1616 925 1679 tum
951 1632 1038 1679 arca
1065 1607 1133 1678 do·

161 1743 256 1816 mini
288 1742 329 1835 (l
358 1742 457 1818 Sam.
484 1727 572 1836 7,'1
600 1746 699 1840 sqq.)
733 1742 774 1815 in
808 1743 943 1816 urbem
970 1738 1134 1840 Kir’jath

162 1880 295 1956 Jtarim
343 1880 397 1970 (h.
432 1903 465 1953 e.
512 1880 691 1972 saltuum)
739 1881 987 1973 transfertur,
1045 1881 1134 1974 quio

163 2029 202 2112 (h
224 2031 307 2119 ὅρη)
331 2017 395 2088 lex
412 2014 558 2089 Christi
585 2018 633 2090 ad
647 2027 782 2114 gentes
795 2017 1033 2089 traducenda
1052 2025 1135 2088 erat

163 2155 217 2252 (p.
247 2153 333 2228 344.
360 2153 427 2246 F),
464 2164 545 2225 tum
576 2153 748 2227 Davides
782 2154 822 2244 (l
851 2154 948 2243 Sam.
979 2153 1038 2247 17,
1065 2153 1133 2246 50)

163 2291 297 2388 lupum
324 2300 364 2361 et
390 2290 555 2381 leonem,
583 2290 729 2363 diaboli
754 2290 946 2385 nimirum,
974 2303 1015 2363 et
1036 2315 1135 2362 mor-

163 2427 211 2500 tis
238 2428 400 2526 figuras,
439 2427 652 2523 prostravit
684 2427 811 2525 iisque
846 2429 1005 2501 animam
1033 2427 1137 2500 elisit
1260 2502 1262 2511 ¹

164 2576 203 2638 et
225 2567 351 2662 raptas
372 2588 464 2637 oves
486 2563 661 2655 excussit,
687 2565 775 2661 quio
796 2576 833 2661 (η
855 2577 936 2668 bpu)
958 2563 1137 2639 Christus

162 2714 327 2776 mortem
362 2711 404 2774 et
442 2701 638 2776 diabolum
679 2701 906 2799 profligavit
942 2714 983 2776 et
1024 2728 1139 2800 quem

163 2848 408 2931 voraverant,
437 2838 619 2911 Adamum
646 2839 700 2928 (h.
721 2864 754 2912 e.
775 2838 909 2911 Adami
931 2843 1138 2937 posteros),

164 2975 336 3054 reddere
364 2973 495 3072 coe'git
522 2974 590 3064 (ib.
608 3000 645 3071 p.
662 2974 750 3048 369.
769 2973 838 3068 B),
865 2984 946 3046 tum
972 2975 1139 3074 Abigail,
1181 2962 1186 2975 ¹

165 3113 296 3206 vidua,
315 3112 446 3209 nupsit
462 3110 617 3204 Davidi,
638 3112 726 3205 quio
746 3121 785 3201 (ἢ
806 3123 889 3213 Spu)
922 3112 1026 3184 natio
1047 3137 1141 3209 gen·
1220 3117 1228 3135 ”

167 3252 264 3325 tium
290 3247 438 3323 Christi
464 3274 600 3346 sponsa
626 3249 725 3320 sacta
752 3260 810 3321 est
837 3247 1141 3346 (ib.p.38tE);

167 3399 261 3481 turn,
303 3413 350 3459 ex
376 3386 586 3484 Ephraemi
613 3386 815 3479 sententia,
849 3397 938 3483 apte
967 3384 1142 3483 adjungit

128 3621 131 3626 ·
169 3525 361 3622 scriptura
389 3524 431 3613 (2
445 3523 567 3620 Regg.
591 3524 653 3615 20,
671 3524 726 3615 5),
753 3533 841 3621 post
860 3520 1020 3594 tertium
1039 3522 1144 3594 diem

169 3661 328 3734 Hiskiae
356 3660 477 3760 aegri,
505 3658 573 3756 qui
598 3657 745 3732 Christi
771 3672 887 3756 typus
914 3658 1000 3750 fuit,
1034 3684 1144 3731 cura-

170 3798 317 3873 tionem
333 3797 546 3896 pert'ectam
562 3795 690 3889 fuisse,
706 3797 793 3891 quio
809 3807 849 3891 (⁸7
871 3807 952 3898 spe)
967 3793 1145 3868 Christus
1249 3769 1261 3839 ²·

171 3947 259 4009 ante
286 3934 445 4008 tertium
478 3961 500 4009 a
533 3958 599 4006 sua
631 3945 756 4008 morte
784 3933 888 4007 diem
916 3929 1142 4006 mortalitati
