<?xml version="1.0" encoding="UTF-8"?>
<!DOCTYPE html PUBLIC "-//W3C//DTD XHTML 1.0 Transitional//EN"
    "http://www.w3.org/TR/xhtml1/DTD/xhtml1-transitional.dtd">
<html xmlns="http://www.w3.org/1999/xhtml" xml:lang="en" lang="en">
 <head>
  <title>
</title>
<meta http-equiv="Content-Type" content="text/html;charset=utf-8" />
  <meta name='ocr-system' content='tesseract 3.04.00' />
  <meta name='ocr-capabilities' content='ocr_page ocr_carea ocr_par ocr_line ocrx_word'/>
</head>
<body>
  <div class='ocr_page' id='page_1' title='image "./deephraemisyria00lenggoog_0193.png"; bbox 0 0 2626 4906; ppageno 0'>
   <div class='ocr_carea' id='block_1_1' title="bbox 955 621 1031 696">
    <p class='ocr_par' dir='ltr' id='par_1_1' title="bbox 955 621 1031 696">
     <span class='ocr_line' id='line_1_1' title="bbox 955 621 1031 696; baseline 0 0"><span class='ocrx_word' id='word_1_1' title='bbox 955 621 1031 696; x_wconf 79' lang='lat'>179</span> 
     </span>
    </p>
   </div>
   <div class='ocr_carea' id='block_1_2' title="bbox 53 823 1032 2026">
    <p class='ocr_par' dir='ltr' id='par_1_2' title="bbox 53 823 1032 2026">
     <span class='ocr_line' id='line_1_2' title="bbox 53 823 1031 928; baseline 0.001 -26"><span class='ocrx_word' id='word_1_2' title='bbox 53 831 215 928; x_wconf 67' lang='lat' dir='ltr'>phetae,</span> <span class='ocrx_word' id='word_1_3' title='bbox 237 827 319 902; x_wconf 89' lang='lat' dir='ltr'>sive</span> <span class='ocrx_word' id='word_1_4' title='bbox 334 827 500 924; x_wconf 87' lang='lat' dir='ltr'>judices,</span> <span class='ocrx_word' id='word_1_5' title='bbox 523 828 605 901; x_wconf 89' lang='lat' dir='ltr'>sive</span> <span class='ocrx_word' id='word_1_6' title='bbox 622 823 845 901; x_wconf 75' lang='lat' dir='ltr'><strong>sacerdotes</strong></span> <span class='ocrx_word' id='word_1_7' title='bbox 864 852 1031 925; x_wconf 83' lang='lat' dir='ltr'>regesve</span> 
     </span>
     <span class='ocr_line' id='line_1_3' title="bbox 57 962 1030 1056; baseline 0.003 -18"><span class='ocrx_word' id='word_1_8' title='bbox 57 965 369 1056; x_wconf 80' lang='lat' dir='ltr'>numerabantur,</span> <span class='ocrx_word' id='word_1_9' title='bbox 396 963 488 1036; x_wconf 87' lang='lat' dir='ltr'>inde</span> <span class='ocrx_word' id='word_1_10' title='bbox 516 988 536 1035; x_wconf 88' lang='lat' dir='ltr'>a</span> <span class='ocrx_word' id='word_1_11' title='bbox 562 962 679 1037; x_wconf 82' lang='lat' dir='ltr'>Masis</span> <span class='ocrx_word' id='word_1_12' title='bbox 707 973 831 1038; x_wconf 86' lang='lat' dir='ltr'>aetate</span> <span class='ocrx_word' id='word_1_13' title='bbox 859 965 907 1037; x_wconf 89' lang='lat' dir='ltr'>ad</span> <span class='ocrx_word' id='word_1_14' title='bbox 925 967 1030 1040; x_wconf 89' lang='lat' dir='ltr'>Jose-</span> 
     </span>
     <span class='ocr_line' id='line_1_4' title="bbox 57 1098 1030 1200; baseline 0.004 -27"><span class='ocrx_word' id='word_1_15' title='bbox 57 1102 190 1200; x_wconf 89' lang='lat' dir='ltr'>phum,</span> <span class='ocrx_word' id='word_1_16' title='bbox 202 1102 224 1174; x_wconf 90' lang='lat' dir='ltr'>J</span> <span class='ocrx_word' id='word_1_17' title='bbox 227 1127 293 1173; x_wconf 81' lang='lat' dir='ltr'>esu</span> <span class='ocrx_word' id='word_1_18' title='bbox 305 1111 467 1198; x_wconf 86' lang='lat' dir='ltr'>patrem,</span> <span class='ocrx_word' id='word_1_19' title='bbox 480 1125 615 1196; x_wconf 88' lang='lat' dir='ltr'>usque,</span> <span class='ocrx_word' id='word_1_20' title='bbox 626 1098 735 1172; x_wconf 87' lang='lat' dir='ltr'>illum</span> <span class='ocrx_word' id='word_1_21' title='bbox 751 1100 866 1195; x_wconf 90' lang='lat' dir='ltr'>diem,</span> <span class='ocrx_word' id='word_1_22' title='bbox 879 1127 956 1198; x_wconf 90' lang='lat' dir='ltr'>quo</span> <span class='ocrx_word' id='word_1_23' title='bbox 973 1103 1030 1177; x_wconf 85' lang='lat' dir='ltr'>fu-</span> 
     </span>
     <span class='ocr_line' id='line_1_5' title="bbox 58 1237 1030 1329; baseline 0.004 -20"><span class='ocrx_word' id='word_1_24' title='bbox 58 1251 189 1310; x_wconf 89' lang='lat' dir='ltr'>turum</span> <span class='ocrx_word' id='word_1_25' title='bbox 216 1250 326 1328; x_wconf 81' lang='lat' dir='ltr'>esset,</span> <span class='ocrx_word' id='word_1_26' title='bbox 353 1249 397 1309; x_wconf 92' lang='lat' dir='ltr'>ut</span> <span class='ocrx_word' id='word_1_27' title='bbox 423 1237 597 1308; x_wconf 91' lang='lat' dir='ltr'>dominus</span> <span class='ocrx_word' id='word_1_28' title='bbox 628 1237 860 1329; x_wconf 81' lang='lat' dir='ltr'>exoriretur,</span> <span class='ocrx_word' id='word_1_29' title='bbox 886 1264 1030 1312; x_wconf 89' lang='lat' dir='ltr'>summo</span> 
     </span>
     <span class='ocr_line' id='line_1_6' title="bbox 59 1371 1032 1470; baseline 0.004 -23"><span class='ocrx_word' id='word_1_30' title='bbox 59 1373 257 1464; x_wconf 87' lang='lat' dir='ltr'>desiderio</span> <span class='ocrx_word' id='word_1_31' title='bbox 285 1373 517 1469; x_wconf 80' lang='lat' dir='ltr'>exoptabant</span> <span class='ocrx_word' id='word_1_32' title='bbox 552 1383 668 1468; x_wconf 88' lang='lat' dir='ltr'>atque</span> <span class='ocrx_word' id='word_1_33' title='bbox 696 1371 800 1470; x_wconf 82' lang='lat' dir='ltr'>typis</span> <span class='ocrx_word' id='word_1_34' title='bbox 836 1373 1032 1452; x_wconf 89' lang='lat' dir='ltr'>dominum</span> 
     </span>
     <span class='ocr_line' id='line_1_7' title="bbox 59 1486 1032 1601; baseline 0.002 -18"><span class='ocrx_word' id='word_1_35' title='bbox 59 1509 334 1583; x_wconf 84' lang='lat' dir='ltr'>adumbrabant</span> <span class='ocrx_word' id='word_1_36' title='bbox 360 1511 424 1601; x_wconf 80' lang='lat'><strong>²⁴⁹).</strong></span> <span class='ocrx_word' id='word_1_37' title='bbox 452 1486 454 1491; x_wconf 68' lang='lat'>,</span> <span class='ocrx_word' id='word_1_38' title='bbox 491 1507 656 1582; x_wconf 83' lang='lat' dir='ltr'>Maxime</span> <span class='ocrx_word' id='word_1_39' title='bbox 692 1533 788 1582; x_wconf 88' lang='lat' dir='ltr'>vero</span> <span class='ocrx_word' id='word_1_40' title='bbox 823 1508 929 1582; x_wconf 89' lang='lat' dir='ltr'>inter</span> <span class='ocrx_word' id='word_1_41' title='bbox 965 1535 1032 1586; x_wconf 83' lang='lat' dir='ltr'>eos</span> 
     </span>
     <span class='ocr_line' id='line_1_8' title="bbox 58 1645 1030 1743; baseline 0 -24"><span class='ocrx_word' id='word_1_42' title='bbox 58 1645 328 1720; x_wconf 84' lang='lat' dir='ltr'>excelluerunt</span> <span class='ocrx_word' id='word_1_43' title='bbox 339 1647 477 1738; x_wconf 79' lang='lat' dir='ltr'>Moser,</span> <span class='ocrx_word' id='word_1_44' title='bbox 493 1646 619 1737; x_wconf 85' lang='lat' dir='ltr'>Josua,</span> <span class='ocrx_word' id='word_1_45' title='bbox 634 1645 732 1743; x_wconf 88' lang='lat' dir='ltr'>quia</span> <span class='ocrx_word' id='word_1_46' title='bbox 749 1646 892 1719; x_wconf 89' lang='lat' dir='ltr'>Jacobo</span> <span class='ocrx_word' id='word_1_47' title='bbox 911 1645 1030 1720; x_wconf 87' lang='lat' dir='ltr'>Edes-</span> 
     </span>
     <span class='ocr_line' id='line_1_9' title="bbox 58 1764 1030 1879; baseline 0.004 -22"><span class='ocrx_word' id='word_1_48' title='bbox 58 1797 149 1857; x_wconf 88' lang='lat' dir='ltr'>seno</span> <span class='ocrx_word' id='word_1_49' title='bbox 177 1779 364 1873; x_wconf 79' lang='grc'>(11.287.)</span> <span class='ocrx_word' id='word_1_50' title='bbox 415 1782 524 1856; x_wconf 88' lang='lat' dir='ltr'>Jesus</span> <span class='ocrx_word' id='word_1_51' title='bbox 542 1764 757 1874; x_wconf 78' lang='lat' dir='ltr'>(Salvator)</span> <span class='ocrx_word' id='word_1_52' title='bbox 771 1780 925 1879; x_wconf 84' lang='lat' dir='ltr'>typicus</span> <span class='ocrx_word' id='word_1_53' title='bbox 944 1799 1030 1877; x_wconf 70' lang='lat' dir='ltr'>(va</span> 
     </span>
     <span class='ocr_line' id='line_1_10' title="bbox 59 1917 1030 2026; baseline -0.007 -26"><span class='ocrx_word' id='word_1_54' title='bbox 59 1939 212 2026; x_wconf 50' lang='lat' dir='ltr'>aunem)</span> <span class='ocrx_word' id='word_1_55' title='bbox 241 1917 460 2016; x_wconf 87' lang='lat' dir='ltr'>appellatur</span> <span class='ocrx_word' id='word_1_56' title='bbox 486 1930 527 1991; x_wconf 92' lang='lat' dir='ltr'>et</span> <span class='ocrx_word' id='word_1_57' title='bbox 553 1917 799 2015; x_wconf 88' lang='lat' dir='ltr'>componitur</span> <span class='ocrx_word' id='word_1_58' title='bbox 825 1942 913 1991; x_wconf 92' lang='lat' dir='ltr'>cum</span> <span class='ocrx_word' id='word_1_59' title='bbox 938 1918 1030 1995; x_wconf 89' lang='lat' dir='ltr'>Jes&#39;u</span> 
     </span>
    </p>
   </div>
   <div class='ocr_carea' id='block_1_3' title="bbox 58 2052 1029 2293">
    <p class='ocr_par' dir='ltr' id='par_1_3' title="bbox 58 2052 1029 2293">
     <span class='ocr_line' id='line_1_11' title="bbox 58 2052 1029 2158; baseline -0.003 -27"><span class='ocrx_word' id='word_1_60' title='bbox 58 2057 299 2149; x_wconf 86' lang='lat' dir='ltr'>(Salvatore)</span> <span class='ocrx_word' id='word_1_61' title='bbox 336 2079 431 2127; x_wconf 88' lang='lat' dir='ltr'>vero</span> <span class='ocrx_word' id='word_1_62' title='bbox 464 2068 587 2158; x_wconf 60' lang='lat' dir='ltr'>(⁸de</span> <span class='ocrx_word' id='word_1_63' title='bbox 608 2069 693 2148; x_wconf 55' lang='lat' dir='ltr'>vray)</span> <span class='ocrx_word' id='word_1_64' title='bbox 719 2054 756 2128; x_wconf 92' lang='lat' dir='ltr'>h.</span> <span class='ocrx_word' id='word_1_65' title='bbox 784 2077 817 2128; x_wconf 88' lang='lat' dir='ltr'>e.</span> <span class='ocrx_word' id='word_1_66' title='bbox 854 2052 1029 2151; x_wconf 74' lang='lat' dir='ltr'>Christo,</span> 
     </span>
     <span class='ocr_line' id='line_1_12' title="bbox 58 2184 1027 2293; baseline -0.006 -25"><span class='ocrx_word' id='word_1_67' title='bbox 58 2216 258 2293; x_wconf 90' lang='lat' dir='ltr'>porroque</span> <span class='ocrx_word' id='word_1_68' title='bbox 291 2190 422 2263; x_wconf 86' lang='lat' dir='ltr'>Rahab</span> <span class='ocrx_word' id='word_1_69' title='bbox 462 2191 509 2282; x_wconf 93' lang='lat' dir='ltr'>(I.</span> <span class='ocrx_word' id='word_1_70' title='bbox 546 2184 633 2265; x_wconf 71' lang='lat'>293.</span> <span class='ocrx_word' id='word_1_71' title='bbox 660 2190 708 2264; x_wconf 91' lang='grc' dir='ltr'>Ι).</span> <span class='ocrx_word' id='word_1_72' title='bbox 745 2189 831 2266; x_wconf 81' lang='grc'><strong>318.</strong></span> <span class='ocrx_word' id='word_1_73' title='bbox 868 2189 908 2264; x_wconf 69' lang='lat' dir='ltr'>lt.</span> <span class='ocrx_word' id='word_1_74' title='bbox 946 2216 1027 2292; x_wconf 89' lang='lat' dir='ltr'><strong>sqq.</strong></span> 
     </span>
    </p>
   </div>
   <div class='ocr_carea' id='block_1_4' title="bbox 55 2357 283 2371">
    <p class='ocr_par' dir='ltr' id='par_1_4' title="bbox 55 2357 283 2371">
     <span class='ocr_line' id='line_1_13' title="bbox 55 2357 283 2371; baseline -0.018 0"><span class='ocrx_word' id='word_1_75' title='bbox 55 2357 283 2371; x_wconf 50' lang='grc'>*-</span> 
     </span>
    </p>
   </div>
   <div class='ocr_carea' id='block_1_5' title="bbox 53 2423 1029 3420">
    <p class='ocr_par' dir='ltr' id='par_1_5' title="bbox 53 2423 1029 3420">
     <span class='ocr_line' id='line_1_14' title="bbox 58 2423 1027 2495; baseline -0.002 -8"><span class='ocrx_word' id='word_1_76' title='bbox 58 2434 111 2487; x_wconf 74' lang='lat' dir='ltr'>stat</span> <span class='ocrx_word' id='word_1_77' title='bbox 128 2432 208 2485; x_wconf 87' lang='lat' dir='ltr'>etiam</span> <span class='ocrx_word' id='word_1_78' title='bbox 224 2427 409 2493; x_wconf 78' lang='lat' dir='ltr'>medicaretur,</span> <span class='ocrx_word' id='word_1_79' title='bbox 436 2443 486 2495; x_wconf 79' lang='lat' dir='ltr'>qao</span> <span class='ocrx_word' id='word_1_80' title='bbox 513 2429 603 2495; x_wconf 85' lang='lat' dir='ltr'>(cujus</span> <span class='ocrx_word' id='word_1_81' title='bbox 628 2423 749 2492; x_wconf 85' lang='lat' dir='ltr'>auxilio)</span> <span class='ocrx_word' id='word_1_82' title='bbox 775 2427 918 2482; x_wconf 78' lang='lat' dir='ltr'>eratiterai</span> <span class='ocrx_word' id='word_1_83' title='bbox 943 2428 1027 2486; x_wconf 83' lang='lat' dir='ltr'>Arca.</span> 
     </span>
     <span class='ocr_line' id='line_1_15' title="bbox 58 2521 1028 2603; baseline -0.004 -15"><span class='ocrx_word' id='word_1_84' title='bbox 58 2521 162 2594; x_wconf 70' lang='lat' dir='ltr'>Quodsi</span> <span class='ocrx_word' id='word_1_85' title='bbox 187 2541 263 2603; x_wconf 76' lang='lat' dir='ltr'>typar</span> <span class='ocrx_word' id='word_1_86' title='bbox 291 2533 350 2598; x_wconf 74' lang='lat' dir='ltr'>ejvs</span> <span class='ocrx_word' id='word_1_87' title='bbox 373 2537 472 2582; x_wconf 83' lang='lat' dir='ltr'>tantam</span> <span class='ocrx_word' id='word_1_88' title='bbox 498 2531 608 2583; x_wconf 79' lang='lat' dir='ltr'>aetatem</span> <span class='ocrx_word' id='word_1_89' title='bbox 633 2533 744 2596; x_wconf 83' lang='lat' dir='ltr'>tulerat,</span> <span class='ocrx_word' id='word_1_90' title='bbox 771 2537 870 2599; x_wconf 71' lang='lat' dir='ltr'>quanta</span> <span class='ocrx_word' id='word_1_91' title='bbox 903 2534 1028 2597; x_wconf 85' lang='lat' dir='ltr'>majorem</span> 
     </span>
     <span class='ocr_line' id='line_1_16' title="bbox 56 2618 1028 2703; baseline -0.004 -12"><span class='ocrx_word' id='word_1_92' title='bbox 56 2641 166 2692; x_wconf 71' lang='lat' dir='ltr'>satutem</span> <span class='ocrx_word' id='word_1_93' title='bbox 184 2636 246 2703; x_wconf 79' lang='lat' dir='ltr'>ipra</span> <span class='ocrx_word' id='word_1_94' title='bbox 263 2635 291 2686; x_wconf 87' lang='lat' dir='ltr'>ia</span> <span class='ocrx_word' id='word_1_95' title='bbox 307 2649 358 2685; x_wconf 80' lang='lat' dir='ltr'>aaa</span> <span class='ocrx_word' id='word_1_96' title='bbox 374 2649 490 2699; x_wconf 74' lang='lat' dir='ltr'>persona</span> <span class='ocrx_word' id='word_1_97' title='bbox 508 2618 657 2700; x_wconf 53' lang='lat' dir='ltr'>(titiam)</span> <span class='ocrx_word' id='word_1_98' title='bbox 673 2632 864 2702; x_wconf 73' lang='lat' dir='ltr'>praestituram</span> <span class='ocrx_word' id='word_1_99' title='bbox 878 2650 937 2686; x_wconf 80' lang='lat' dir='ltr'>esee</span> <span class='ocrx_word' id='word_1_100' title='bbox 948 2634 1028 2699; x_wconf 77' lang='lat' dir='ltr'>cogi·</span> 
     </span>
     <span class='ocr_line' id='line_1_17' title="bbox 56 2735 1029 2806; baseline -0.004 -12"><span class='ocrx_word' id='word_1_101' title='bbox 56 2741 112 2794; x_wconf 88' lang='lat' dir='ltr'>tari</span> <span class='ocrx_word' id='word_1_102' title='bbox 141 2739 238 2806; x_wconf 85' lang='lat' dir='ltr'>potvit.</span> <span class='ocrx_word' id='word_1_103' title='bbox 283 2736 388 2802; x_wconf 79' lang='lat' dir='ltr'>Spiritu</span> <span class='ocrx_word' id='word_1_104' title='bbox 410 2735 584 2802; x_wconf 77' lang='lat' dir='ltr'>praesagivit</span> <span class='ocrx_word' id='word_1_105' title='bbox 609 2735 793 2801; x_wconf 78' lang='lat' dir='ltr'>Atratamm,</span> <span class='ocrx_word' id='word_1_106' title='bbox 807 2742 943 2790; x_wconf 86' lang='lat' dir='ltr'>¹remotam</span> <span class='ocrx_word' id='word_1_107' title='bbox 969 2752 1029 2790; x_wconf 76' lang='lat' dir='ltr'>ease</span> 
     </span>
     <span class='ocr_line' id='line_1_18' title="bbox 54 2836 1029 2922; baseline -0.003 -26"><span class='ocrx_word' id='word_1_108' title='bbox 54 2844 222 2922; x_wconf 78' lang='lat' dir='ltr'>nativitatem</span> <span class='ocrx_word' id='word_1_109' title='bbox 234 2840 293 2903; x_wconf 85' lang='lat' dir='ltr'>filii</span> <span class='ocrx_word' id='word_1_110' title='bbox 312 2836 397 2901; x_wconf 88' lang='lat' dir='ltr'>(Dei).</span> <span class='ocrx_word' id='word_1_111' title='bbox 441 2836 498 2892; x_wconf 87' lang='lat' dir='ltr'>Pro</span> <span class='ocrx_word' id='word_1_112' title='bbox 521 2854 637 2904; x_wconf 82' lang='lat' dir='ltr'>persona</span> <span class='ocrx_word' id='word_1_113' title='bbox 660 2841 720 2902; x_wconf 79' lang='lat' dir='ltr'>eiua</span> <span class='ocrx_word' id='word_1_114' title='bbox 735 2838 805 2892; x_wconf 80' lang='lat' dir='ltr'>banc</span> <span class='ocrx_word' id='word_1_115' title='bbox 821 2838 1029 2893; x_wconf 79' lang='lat' dir='ltr'>consolationem</span> 
     </span>
     <span class='ocr_line' id='line_1_19' title="bbox 53 2938 1026 3014; baseline -0.006 -14"><span class='ocrx_word' id='word_1_116' title='bbox 53 2945 221 3014; x_wconf 79' lang='lat' dir='ltr'>accipiebat,</span> <span class='ocrx_word' id='word_1_117' title='bbox 237 2945 321 3009; x_wconf 85' lang='lat' dir='ltr'>sore,</span> <span class='ocrx_word' id='word_1_118' title='bbox 348 2946 377 2992; x_wconf 85' lang='lat' dir='ltr'>at</span> <span class='ocrx_word' id='word_1_119' title='bbox 399 2938 582 3007; x_wconf 15' lang='lat' dir='ltr'>ipae—videret</span> <span class='ocrx_word' id='word_1_120' title='bbox 608 2938 675 2991; x_wconf 79' lang='lat' dir='ltr'>diem</span> <span class='ocrx_word' id='word_1_121' title='bbox 700 2940 760 3005; x_wconf 74' lang='lat' dir='ltr'>ejvs</span> <span class='ocrx_word' id='word_1_122' title='bbox 791 2938 847 3002; x_wconf 87' lang='lat' dir='ltr'>(Jo.</span> <span class='ocrx_word' id='word_1_123' title='bbox 866 2939 954 2994; x_wconf 76' lang='lat' dir='ltr'>vni.</span> <span class='ocrx_word' id='word_1_124' title='bbox 970 2942 1026 3000; x_wconf 83' lang='lat'><strong>56).</strong></span> 
     </span>
     <span class='ocr_line' id='line_1_20' title="bbox 53 3040 1027 3109; baseline -0.009 -7"><span class='ocrx_word' id='word_1_125' title='bbox 53 3051 131 3102; x_wconf 79' lang='lat' dir='ltr'>iilam</span> <span class='ocrx_word' id='word_1_126' title='bbox 149 3046 239 3100; x_wconf 88' lang='lat' dir='ltr'>videre</span> <span class='ocrx_word' id='word_1_127' title='bbox 255 3044 371 3100; x_wconf 78' lang='lat' dir='ltr'>Iaaatva</span> <span class='ocrx_word' id='word_1_128' title='bbox 389 3041 540 3108; x_wconf 78' lang='lat' dir='ltr'>exoptavit,</span> <span class='ocrx_word' id='word_1_129' title='bbox 568 3041 614 3109; x_wconf 80' lang='lat' dir='ltr'>qvi</span> <span class='ocrx_word' id='word_1_130' title='bbox 638 3047 779 3106; x_wconf 76' lang='lat' dir='ltr'>guataaeet</span> <span class='ocrx_word' id='word_1_131' title='bbox 799 3047 906 3108; x_wconf 73' lang='lat' dir='ltr'>gattam</span> <span class='ocrx_word' id='word_1_132' title='bbox 928 3040 1027 3093; x_wconf 75' lang='lat' dir='ltr'>salatia</span> 
     </span>
     <span class='ocr_line' id='line_1_21' title="bbox 55 3127 1024 3218; baseline -0.012 -14"><span class='ocrx_word' id='word_1_133' title='bbox 55 3154 122 3218; x_wconf 74' lang='lat' dir='ltr'>ejas.</span> <span class='ocrx_word' id='word_1_134' title='bbox 160 3148 264 3206; x_wconf 79' lang='lat' dir='ltr'>Quodsi</span> <span class='ocrx_word' id='word_1_135' title='bbox 286 3154 362 3216; x_wconf 77' lang='lat' dir='ltr'>typus</span> <span class='ocrx_word' id='word_1_136' title='bbox 385 3148 444 3211; x_wconf 80' lang='lat' dir='ltr'>ejaa</span> <span class='ocrx_word' id='word_1_137' title='bbox 462 3127 573 3207; x_wconf 46' lang='lat' dir='ltr'>(mliii)</span> <span class='ocrx_word' id='word_1_138' title='bbox 599 3148 698 3195; x_wconf 80' lang='lat' dir='ltr'>tantam</span> <span class='ocrx_word' id='word_1_139' title='bbox 723 3143 804 3196; x_wconf 87' lang='lat' dir='ltr'>vitam</span> <span class='ocrx_word' id='word_1_140' title='bbox 831 3143 1024 3206; x_wconf 81' lang='lat' dir='ltr'>vindicaverat,</span> 
     </span>
     <span class='ocr_line' id='line_1_22' title="bbox 54 3242 1024 3329; baseline -0.006 -25"><span class='ocrx_word' id='word_1_141' title='bbox 54 3258 154 3320; x_wconf 78' lang='lat' dir='ltr'>quanta</span> <span class='ocrx_word' id='word_1_142' title='bbox 171 3251 273 3329; x_wconf 83' lang='lat' dir='ltr'>tandem</span> <span class='ocrx_word' id='word_1_143' title='bbox 289 3250 347 3302; x_wconf 87' lang='lat' dir='ltr'>vita</span> <span class='ocrx_word' id='word_1_144' title='bbox 364 3247 522 3302; x_wconf 83' lang='lat' dir='ltr'>inveritate</span> <span class='ocrx_word' id='word_1_145' title='bbox 542 3262 592 3300; x_wconf 78' lang='lat' dir='ltr'>aaa</span> <span class='ocrx_word' id='word_1_146' title='bbox 609 3262 664 3300; x_wconf 84' lang='lat' dir='ltr'>eam</span> <span class='ocrx_word' id='word_1_147' title='bbox 679 3246 835 3314; x_wconf 73' lang='lat' dir='ltr'>affectarem</span> <span class='ocrx_word' id='word_1_148' title='bbox 852 3261 911 3299; x_wconf 76' lang='lat' dir='ltr'>erre</span> <span class='ocrx_word' id='word_1_149' title='bbox 928 3242 1024 3299; x_wconf 73' lang='lat' dir='ltr'>existi·</span> 
     </span>
     <span class='ocr_line' id='line_1_23' title="bbox 54 3353 233 3420; baseline -0.017 -13"><span class='ocrx_word' id='word_1_150' title='bbox 54 3355 122 3407; x_wconf 84' lang='lat' dir='ltr'>mari</span> <span class='ocrx_word' id='word_1_151' title='bbox 137 3353 233 3420; x_wconf 82' lang='lat' dir='ltr'>potuit.</span> 
     </span>
    </p>
   </div>
   <div class='ocr_carea' id='block_1_6' title="bbox 55 3483 1026 4066">
    <p class='ocr_par' dir='ltr' id='par_1_6' title="bbox 55 3483 1026 4066">
     <span class='ocr_line' id='line_1_24' title="bbox 103 3483 1024 3561; baseline -0.01 -13"><span class='ocrx_word' id='word_1_152' title='bbox 103 3488 174 3555; x_wconf 70' lang='grc'>249)</span> <span class='ocrx_word' id='word_1_153' title='bbox 186 3490 288 3561; x_wconf 85' lang='lat' dir='ltr'>Hymn.</span> <span class='ocrx_word' id='word_1_154' title='bbox 306 3489 348 3545; x_wconf 81' lang='lat'>25.</span> <span class='ocrx_word' id='word_1_155' title='bbox 367 3487 431 3544; x_wconf 81' lang='lat' dir='ltr'>adv.</span> <span class='ocrx_word' id='word_1_156' title='bbox 448 3487 525 3541; x_wconf 80' lang='lat' dir='ltr'>haer.</span> <span class='ocrx_word' id='word_1_157' title='bbox 543 3486 584 3542; x_wconf 87' lang='lat'>11.</span> <span class='ocrx_word' id='word_1_158' title='bbox 602 3489 662 3545; x_wconf 78' lang='lat' dir='ltr'>tat.</span> <span class='ocrx_word' id='word_1_159' title='bbox 681 3485 718 3541; x_wconf 77' lang='lat' dir='ltr'>G:</span> <span class='ocrx_word' id='word_1_160' title='bbox 736 3488 790 3541; x_wconf 76' lang='lat' dir='ltr'>Eat</span> <span class='ocrx_word' id='word_1_161' title='bbox 805 3485 851 3540; x_wconf 87' lang='lat' dir='ltr'>via</span> <span class='ocrx_word' id='word_1_162' title='bbox 863 3483 1024 3558; x_wconf 83' lang='lat' dir='ltr'>(mysterio-</span> 
     </span>
     <span class='ocr_line' id='line_1_25' title="bbox 55 3588 1023 3660; baseline -0.004 -13"><span class='ocrx_word' id='word_1_163' title='bbox 55 3610 114 3647; x_wconf 84' lang='lat' dir='ltr'>rum</span> <span class='ocrx_word' id='word_1_164' title='bbox 137 3591 271 3657; x_wconf 84' lang='lat' dir='ltr'>Christi),</span> <span class='ocrx_word' id='word_1_165' title='bbox 305 3607 379 3660; x_wconf 81' lang='lat' dir='ltr'>quma</span> <span class='ocrx_word' id='word_1_166' title='bbox 409 3591 551 3656; x_wconf 73' lang='lat' dir='ltr'>ingressus</span> <span class='ocrx_word' id='word_1_167' title='bbox 580 3599 621 3644; x_wconf 79' lang='lat' dir='ltr'>eet</span> <span class='ocrx_word' id='word_1_168' title='bbox 645 3591 746 3645; x_wconf 79' lang='lat' dir='ltr'>Abelaa</span> <span class='ocrx_word' id='word_1_169' title='bbox 771 3596 806 3651; x_wconf 51' lang='lat' dir='ltr'>et¹</span> <span class='ocrx_word' id='word_1_170' title='bbox 820 3588 963 3644; x_wconf 72' lang='lat' dir='ltr'>tammam</span> <span class='ocrx_word' id='word_1_171' title='bbox 996 3592 1023 3643; x_wconf 80' lang='lat' dir='ltr'>ei</span> 
     </span>
     <span class='ocr_line' id='line_1_26' title="bbox 55 3692 1007 3762; baseline -0.006 -12"><span class='ocrx_word' id='word_1_172' title='bbox 55 3695 184 3750; x_wconf 75' lang='lat' dir='ltr'>Noacbaa</span> <span class='ocrx_word' id='word_1_173' title='bbox 200 3696 309 3762; x_wconf 80' lang='lat' dir='ltr'>itemque</span> <span class='ocrx_word' id='word_1_174' title='bbox 324 3692 493 3747; x_wconf 78' lang='lat' dir='ltr'>Abrabamaa</span> <span class='ocrx_word' id='word_1_175' title='bbox 515 3700 541 3746; x_wconf 88' lang='lat' dir='ltr'>et</span> <span class='ocrx_word' id='word_1_176' title='bbox 557 3695 644 3748; x_wconf 82' lang='lat' dir='ltr'>Jarua</span> <span class='ocrx_word' id='word_1_177' title='bbox 661 3693 769 3762; x_wconf 79' lang='lat' dir='ltr'>itemque</span> <span class='ocrx_word' id='word_1_178' title='bbox 787 3693 932 3758; x_wconf 81' lang='lat' dir='ltr'>Samuelia3</span> <span class='ocrx_word' id='word_1_179' title='bbox 959 3692 1007 3747; x_wconf 89' lang='lat' dir='ltr'>Da</span> 
     </span>
     <span class='ocr_line' id='line_1_27' title="bbox 56 3792 1019 3866; baseline -0.008 -14"><span class='ocrx_word' id='word_1_180' title='bbox 56 3799 125 3852; x_wconf 81' lang='lat' dir='ltr'>vidia</span> <span class='ocrx_word' id='word_1_181' title='bbox 142 3797 247 3866; x_wconf 69' lang='lat' dir='ltr'>posteri</span> <span class='ocrx_word' id='word_1_182' title='bbox 262 3804 288 3848; x_wconf 87' lang='lat' dir='ltr'>et</span> <span class='ocrx_word' id='word_1_183' title='bbox 298 3795 377 3860; x_wconf 76' lang='lat' dir='ltr'>filiae</span> <span class='ocrx_word' id='word_1_184' title='bbox 395 3797 505 3865; x_wconf 82' lang='lat' dir='ltr'>(nepos)</span> <span class='ocrx_word' id='word_1_185' title='bbox 528 3799 587 3862; x_wconf 68' lang='lat' dir='ltr'>ejas</span> <span class='ocrx_word' id='word_1_186' title='bbox 608 3796 757 3864; x_wconf 65' lang='lat' dir='ltr'>reseptos,</span> <span class='ocrx_word' id='word_1_187' title='bbox 779 3811 833 3848; x_wconf 83' lang='lat' dir='ltr'>aaa</span> <span class='ocrx_word' id='word_1_188' title='bbox 850 3811 905 3849; x_wconf 75' lang='lat' dir='ltr'>mam</span> <span class='ocrx_word' id='word_1_189' title='bbox 921 3792 1019 3858; x_wconf 81' lang='lat' dir='ltr'>multia,</span> 
     </span>
     <span class='ocr_line' id='line_1_28' title="bbox 59 3895 1026 3968; baseline -0.006 -14"><span class='ocrx_word' id='word_1_190' title='bbox 59 3900 101 3968; x_wconf 73' lang='lat' dir='ltr'>pai</span> <span class='ocrx_word' id='word_1_191' title='bbox 116 3901 146 3954; x_wconf 82' lang='lat' dir='ltr'>ia</span> <span class='ocrx_word' id='word_1_192' title='bbox 161 3900 246 3953; x_wconf 84' lang='lat' dir='ltr'>medio</span> <span class='ocrx_word' id='word_1_193' title='bbox 263 3906 324 3953; x_wconf 81' lang='lat' dir='ltr'>auat</span> <span class='ocrx_word' id='word_1_194' title='bbox 342 3897 438 3960; x_wconf 87' lang='lat' dir='ltr'>(medii</span> <span class='ocrx_word' id='word_1_195' title='bbox 465 3897 538 3956; x_wconf 79' lang='lat' dir='ltr'>inter</span> <span class='ocrx_word' id='word_1_196' title='bbox 554 3897 690 3954; x_wconf 77' lang='lat' dir='ltr'>Davidem</span> <span class='ocrx_word' id='word_1_197' title='bbox 709 3907 736 3953; x_wconf 82' lang='lat' dir='ltr'>et</span> <span class='ocrx_word' id='word_1_198' title='bbox 754 3898 825 3952; x_wconf 81' lang='lat' dir='ltr'>inter</span> <span class='ocrx_word' id='word_1_199' title='bbox 844 3895 1026 3964; x_wconf 51' lang='lat' dir='ltr'>iosephum),</span> 
     </span>
     <span class='ocr_line' id='line_1_29' title="bbox 61 4000 494 4066; baseline -0.002 -10"><span class='ocrx_word' id='word_1_200' title='bbox 61 4002 128 4058; x_wconf 75' lang='lat' dir='ltr'>Ecce</span> <span class='ocrx_word' id='word_1_201' title='bbox 143 4010 261 4058; x_wconf 76' lang='lat' dir='ltr'>enimam</span> <span class='ocrx_word' id='word_1_202' title='bbox 270 4001 391 4066; x_wconf 82' lang='lat' dir='ltr'>filioram</span> <span class='ocrx_word' id='word_1_203' title='bbox 407 4000 494 4059; x_wconf 78' lang='lat' dir='ltr'>iaciat</span> 
     </span>
    </p>
   </div>
   <div class='ocr_carea' id='block_1_7' title="bbox 819 4101 887 4162">
    <p class='ocr_par' dir='ltr' id='par_1_7' title="bbox 819 4101 887 4162">
     <span class='ocr_line' id='line_1_30' title="bbox 819 4101 887 4162; baseline -0.059 0"><span class='ocrx_word' id='word_1_204' title='bbox 819 4101 887 4162; x_wconf 74' lang='lat' dir='ltr'>ta*</span> 
     </span>
    </p>
   </div>
   <div class='ocr_carea' id='block_1_8' title="bbox 0 0 1318 4906">
    <p class='ocr_par' dir='ltr' id='par_1_8' title="bbox 0 0 1318 4906">
     <span class='ocr_line' id='line_1_31' title="bbox 0 0 1318 4906; baseline 0 0"><span class='ocrx_word' id='word_1_205' title='bbox 0 0 1318 4906; x_wconf 95' lang='lat' dir='ltr'> </span> 
     </span>
    </p>
   </div>
  </div>
 </body>
</html>
