2626 4906
274 629 354 709 244

325 829 450 899 Exod,
468 836 506 914 2,
536 833 647 898 3-5.
691 829 857 896 Parentes
879 826 1042 894 fiduciam
1062 837 1250 916 posueruut

274 955 310 1017 in
339 953 403 1018 deo
431 956 466 1018 et
491 953 528 1015 in
556 949 700 1037 pulchra
725 951 837 1016 forma
857 950 998 1015 infantis
1027 952 1248 1036 (sperantes),

275 1072 361 1155 iore,
384 1077 422 1136 ut
443 1074 502 1155 qui
523 1075 653 1156 primus
675 1073 826 1135 arculam
847 1076 1027 1155 spectaret,
1051 1072 1249 1156 deportaret

273 1198 309 1256 et
330 1198 482 1257 servaret
503 1191 675 1257 infantem.
723 1191 864 1256 Calidas
885 1197 996 1255 autem
1017 1191 1084 1254 suit
1106 1176 1247 1271 (apaan)

274 1312 349 1376 dies
379 1311 438 1376 ille
471 1328 575 1396 super
608 1310 716 1374 filiam
756 1309 967 1390 Pharaonis,
1011 1329 1054 1374 ne
1091 1316 1248 1396 tempore

272 1451 335 1497 suo
366 1434 448 1516 (quo
470 1435 522 1497 ire
543 1427 706 1513 solebat),
739 1431 784 1494 ad
810 1430 935 1494 flumen
960 1433 1054 1494 venit
1082 1431 1243 1496 lavatum.

272 1553 350 1618 Etsi
388 1555 493 1638 igitur
531 1557 671 1637 propter
709 1557 838 1615 aestum
877 1547 1002 1639 (sputu)
1047 1551 1141 1615 illius
1174 1550 1245 1616 diei

271 1673 441 1759 prodibat,
470 1677 593 1752 tamen,
623 1672 791 1755 quianon
812 1690 875 1735 suo
896 1671 944 1744 (h.
969 1691 999 1734 e.
1022 1672 1138 1750 solito)
1159 1676 1245 1735 tem·

272 1814 355 1878 pore
376 1793 553 1877 prodibat,
585 1797 683 1856 extra
711 1796 785 1875 ejus
806 1791 1011 1856 uoluntatem
1035 1793 1147 1855 exitus
1169 1796 1246 1875 ejus

195 1929 197 1933 ⁴
271 1917 356 1977 erat.
378 1946 422 1961 -·
441 1931 474 1977 v.
495 1913 549 1978 21.
564 1913 616 1977 22.
640 1912 681 1976 ln
699 1912 949 1989 matrimonium
965 1902 1245 1994 duxit'Ziporam

271 2038 373 2118 atque
404 2032 490 2096 haec
516 2033 649 2117 peperit
681 2034 714 2096 ei
743 2032 828 2096 duos
856 2029 959 2095 filios.
1017 2031 1245 2095 Circumcidit

271 2135 417 2231 (Moses)
445 2156 555 2216 autem
581 2172 695 2232 unum,
720 2154 906 2216 nectamen
929 2152 1070 2216 alterurn
1083 2153 1244 2236 (zipora)
1279 2192 1282 2199 ·

271 2274 415 2338 tradidit
436 2271 756 2337 circumcidendum.
806 2273 927 2336 Elatus
959 2273 1047 2335 enim
1076 2271 1145 2335 suit
1172 2273 1245 2336 ani-

270 2412 347 2463 mus
368 2398 442 2478 ejus
463 2391 511 2469 (b.
527 2415 555 2458 e.
577 2412 740 2458 summam
761 2391 923 2456 fiduciam
944 2390 1072 2474 posuit)
1090 2392 1127 2454 in
1147 2399 1245 2476 patre

269 2532 334 2581 suo
355 2518 390 2579 et
411 2513 575 2577 fratribus
596 2514 679 2577 suis.
722 2512 800 2576 Etsi
823 2514 912 2576 enim
930 2511 1041 2576 Mosis
1058 2528 1147 2575 uxor
1164 2510 1243 2576 fieri

269 2633 465 2717 cupiverat,
495 2637 606 2695 temen
627 2630 710 2695 fidei
732 2635 807 2714 ejus
827 2629 902 2733 tilia
922 2629 1002 2696 fieri
1023 2629 1071 2711 (h.
1094 2652 1124 2697 e.
1151 2652 1243 2695 com-

268 2771 402 2816 munem
424 2752 457 2816 ei
477 2748 654 2834 religionis
676 2752 802 2815 cultum
820 2750 948 2829 tenere)
968 2771 1033 2814 non
1053 2753 1241 2836 cupiverat.

212 2848 217 2858 ¹
269 2871 361 2936 Filia
383 2869 459 2934 ,suit
492 2871 705 2937 sacerdotum
736 2877 771 2936 et
801 2861 1049 2936 sacrificiorum
1082 2874 1242 2937 carnibus

267 2991 446 3073 adolevit,
493 2992 674 3056 multorum
734 2993 873 3056 deorum
927 2993 1034 3055 cultui
1094 3000 1239 3058 assueta.

270 3110 345 3177 Nec
379 3118 491 3204 tamen
524 3118 703 3196 utrumque
746 3110 883 3192 (filiurn)
907 3113 940 3176 ei
965 3111 1110 3175 tradidit
1131 3131 1241 3196 neque

266 3237 411 3316 utroque
433 3253 507 3296 eum
530 3230 720 3317 prohibuit,
743 3233 805 3296 sed
826 3233 968 3296 alterum
990 3233 1176 3312 concessit,
1202 3239 1241 3294 ut

266 3353 303 3416 in
326 3372 365 3414 eo
388 3350 572 3417 Abrahami
594 3352 811 3418 circumcisio
833 3352 1061 3433 inveniretur,
1096 3352 1240 3417 alterum

267 3467 468 3555 denegavit,
496 3476 534 3535 ut
562 3492 602 3537 eo
630 3471 846 3537 exhiberetur
877 3474 1091 3557 praeputium
1119 3473 1240 3536 domus

268 3589 405 3673 (gentis)
433 3591 629 3675 patrissui
675 3591 750 3657 Nec
770 3612 853 3670 vero
881 3591 998 3658 Moses
1024 3593 1239 3657 animadver-

264 3708 309 3774 tit
329 3707 420 3775 filios
441 3717 573 3796 patrum
595 3731 734 3778 suorum
755 3717 789 3777 et
808 3730 962 3778 socerum
985 3732 1143 3795 suorum,
1177 3713 1239 3799 qui

266 3826 409 3896 alterum
437 3833 620 3897 secundum
648 3852 769 3896 nornen
790 3832 890 3916 fugae
911 3802 992 3898 sdrae
1014 3835 1236 3916 acceleratae,

265 3951 333 4016 Dei
356 3971 475 4017 caussa
496 3959 681 4037 susceptae,
704 3958 860 4033 vocaret,
884 3952 1027 4018 alterurn
1049 3960 1161 4019 autem
1181 3975 1236 4019 se·

73 4138 76 4145 ,
174 4138 177 4144 ,
265 4073 409 4138 cundum
429 4093 548 4138 nornen
565 4072 777 4141 liberationis
792 4085 873 4140 snae
892 4066 1104 4139 aPharaone
1122 4074 1236 4160 appel·
