2626 4906
229 584 310 683 254,

230 785 711 883 (narbbtoommunieavit-
733 783 896 851 cumbae
911 785 1137 871 spiritusdei,
1149 788 1211 872 qui

232 911 371 978 Saulnm
409 908 626 992 supervenit,
666 906 894 990 explicatione
923 908 1128 972 conveniunt
1156 928 1210 989 ea,

229 1052 316 1117 quae
345 1028 557 1114 Ephraemus
586 1028 745 1093 observat
771 1027 816 1090 ad
849 1031 908 1107 ll,
932 1029 953 1092 6
982 1027 1042 1090 ubi
1074 1033 1211 1091 senten-

228 1154 311 1217 tiam
341 1149 537 1214 distinctius
565 1147 666 1212 etiam
689 1149 742 1212 sic
764 1146 948 1231 expressit:
982 1146 1127 1228 Spiritus
1154 1148 1211 1214 dei

227 1272 371 1358 spiritus
404 1270 436 1335 is
463 1268 549 1350 suit,
582 1287 682 1352 quem
708 1265 844 1332 Jesaias
871 1264 1037 1351 propheta
1065 1266 1142 1350 (ll,
1170 1267 1210 1348 2)
1239 1331 1249 1339 ,

228 1391 376 1478 appellat
408 1391 554 1480 spiritum
586 1390 714 1454 consilii
747 1398 778 1452 et
799 1385 1030 1473 fortitudinis,
1064 1393 1210 1473 uterque

227 1513 317 1605 enim
326 1510 441 1592 Saulo,
454 1508 584 1573 homini
594 1509 715 1573 timido
728 1526 838 1593 neque
850 1508 982 1579 erudito
994 1509 1211 1574 necessarius

226 1633 306 1699 suit.
332 1633 414 1703 ,Est
438 1634 549 1695 autem
571 1630 607 1692 in
630 1630 766 1714 aprico,
790 1628 888 1692 deum
905 1628 1211 1695 communicavisse

228 1754 260 1820 ei
283 1757 481 1836 utrumque,
514 1750 552 1813 id
582 1749 674 1834 quod
702 1768 745 1838 ex
772 1748 985 1813 facinoribus
1007 1754 1082 1832 ejus
1103 1748 1211 1814 facile

228 1872 382 1957 colliges.
428 1869 484 1935 Cf.
509 1869 552 1933 ad
575 1889 649 1953 cap.
675 1871 734 1951 16,
764 1871 816 1934 14.
850 1888 883 1953 p.
907 1870 980 1935 366.
1004 1873 1128 1948 -10,
1152 1871 1208 1936 27.

126 2000 129 2004 '
227 1994 391 2067 Quomodo
419 1990 554 2054 salvabit
582 2010 642 2054 nos
670 1992 739 2056 iste.
801 1989 940 2055 saulum
968 2010 1035 2053 non
1066 1990 1209 2075 proprio

227 2114 362 2178 nomine
381 2111 563 2194 appellant,
582 2129 677 2175 more
695 2131 823 2191 eorum,
843 2107 1083 2194 quihominem
1100 2111 1208 2196 quen·

122 2252 134 2269 ²
228 2232 307 2297 darn
329 2236 546 2296 contemnant
567 2236 602 2295 et
623 2231 830 2315 despiciant:
853 2231 906 2296 sic
919 2232 1080 2296 nimirum
1103 2234 1207 2298 etiam

227 2351 372 2432 Judaei,
407 2371 510 2436 quum
542 2356 744 2438 quaererent
773 2351 955 2418 Christum
991 2370 1132 2437 capere,
1169 2359 1208 2416 ut

228 2473 426 2539 occiderent
454 2493 549 2553 eum,
581 2472 753 2537 dicebant:
788 2474 844 2537 obi
865 2482 912 2538 est
933 2473 1009 2539 itte!
1052 2473 1147 2553 (Joh.
1171 2475 1207 2556 7,

229 2593 369 2673 11).·-
395 2596 464 2663 Nec
493 2592 666 2657 attulerunt
695 2593 725 2657 ez·
752 2612 898 2674 munero,
928 2591 1009 2678 quia
1028 2614 1090 2658 nec
1112 2613 1210 2659 ama-

227 2714 311 2777 bant
331 2733 426 2793 enm,
459 2731 523 2776 nec
552 2712 594 2776 de
618 2715 691 2796 ejus
714 2712 878 2778 electione
900 2713 1123 2797 laetabantur,
1143 2714 1208 2780 sed

227 2832 382 2917 plerique
405 2852 448 2897 ex
470 2832 595 2916 populo
617 2852 692 2897 eum
716 2855 815 2916 aegre
835 2833 994 2901 tulerunt.
1054 2837 1112 2917 16,
1152 2839 1205 2905 14.

226 2951 359 3018 Invasit
387 2953 529 3037 spiritus
557 2953 686 3016 domini
717 2953 886 3020 Davidem
908 2956 986 3020 inde
1008 2976 1029 3020 a
1051 2958 1107 3021 die
1129 2957 1206 3038 illo,

160 3100 164 3109 ·
198 3078 201 3085 ’
227 3075 371 3159 spiritus
393 3094 524 3157 nempe,
547 3075 607 3157 qui
636 3081 827 3139 recesserat
847 3097 868 3140 a
889 3075 1002 3156 Saule,
1025 3075 1061 3142 h.
1084 3099 1113 3142 e.
1138 3079 1205 3160 rpi-

229 3197 311 3259 ritus
325 3191 546 3279 fortitudinia,
570 3195 661 3278 quod
683 3176 862 3259 ostendunt
880 3217 1001 3280 magna
1023 3201 1098 3281 ejus
1118 3196 1205 3261 saci·

229 3333 325 3394 nora,
349 3334 435 3398 quae
456 3317 534 3398 post
555 3333 650 3378 suam
668 3317 857 3381 unctionem
875 3318 1096 3402 perpetravit.
1140 3318 1206 3382 Est

230 3435 332 3499 etiam
343 3434 484 3518 spiritns
497 3433 567 3515 ille,
591 3455 689 3519 quem
706 3433 800 3501 filius
818 3441 893 3520 ejus
909 3436 1068 3502 Salomon
1087 3443 1205 3524 postu·

228 3553 315 3618 lavit
336 3575 358 3618 a
379 3555 526 3636 domino,
548 3555 708 3620 nimirum
730 3558 863 3639 spiritus
884 3559 1061 3640 sapientiae
1077 3570 1110 3624 et
1128 3580 1204 3624 coa-

228 3674 296 3738 silir'
317 3672 474 3754 (annnam
496 3676 520 3740 i.
544 3696 577 3760 q.
602 3688 727 3740 nnnrnn
748 3676 821 3743 Jes.
846 3682 906 3759 ll,
928 3681 980 3758 2),
1011 3701 1111 3764 quem
1131 3701 1206 3744 mu-

228 3794 295 3859 lier
316 3795 378 3858 illa
399 3794 579 3860 Thecuitis
601 3795 638 3876 (2
655 3795 744 3863 Sam.
769 3801 821 3880 14,
843 3798 897 3877 17)
921 3800 1080 3865 laudabat
1098 3797 1203 3881 (0³32).

227 3913 316 3980 Item
336 3917 470 3999 spiritua
488 3917 686 4000 prophetiae,
714 3939 814 4003 quem
834 3920 908 4004 ipse
929 3919 1084 3986 Davides
1104 3922 1204 3986 nobis

229 4036 350 4118 probat
371 4042 406 4102 et
426 4040 501 4123 ejus
522 4035 728 4122 psalmorum
750 4039 838 4107 liber
857 4041 900 4106 ab
922 4060 963 4108 eo
982 4041 1203 4125 compositus,
