2626 4906
219 624 296 704 158

218 832 398 930 ciemque
423 827 567 905 secreti
591 829 728 924 habet,
767 830 854 916 sive,
882 857 904 905 a
936 840 1072 908 natura
1104 834 1190 934 ipsa

217 970 434 1044 involutum
471 977 547 1062 est,
586 967 669 1042 sive
707 968 920 1042 reconditis
959 970 1190 1068 quibusdam

220 1107 443 1181 continetur
460 1105 660 1199 doctrinis,
675 1130 743 1179 seu
757 1107 807 1179 ob
823 1107 1032 1180 verborum
1051 1108 1204 1182 obscu-

162 1300 167 1323 .
218 1245 372 1319 ritatem
402 1245 585 1342 majorem
617 1243 854 1317 minoremve
880 1269 954 1342 pro
980 1256 1098 1344 captu
1123 1271 1190 1319 au-

219 1382 393 1455 dentium
418 1381 490 1476 23⁹):
518 1381 722 1480 mysticum
748 1405 899 1454 sensum
924 1407 1123 1476 vocamus,
1156 1383 1190 1458 si

219 1544 286 1613 eo,
322 1519 428 1617 quod
454 1518 621 1611 dicitur,
661 1517 767 1591 aliud
803 1518 926 1592 simile
964 1530 1111 1593 tectum
1147 1529 1190 1593 et

217 1656 425 1745 occultum,
452 1656 502 1728 de
529 1654 691 1728 consilio
718 1654 875 1753 spiritus
901 1655 1021 1730 sancti
1047 1680 1189 1731 revera

214 1795 292 1891 jam
312 1792 564 1891 significatum
584 1802 624 1865 et
639 1818 871 1890 expressum,
891 1793 997 1868 latet.
1038 1793 1188 1874 Quodsi

217 1956 347 2005 sensus
373 1929 443 2002 ille
471 1929 520 2002 ad
546 1929 682 2002 altiora
719 1929 902 2029 mysteria
935 1939 975 2002 et
1000 1929 1189 2029 imprimis

219 2069 251 2142 si
283 2067 331 2139 ad
364 2066 568 2139 ecclesiam
600 2067 812 2140 coelestem
838 2067 889 2160 (§.
917 2066 985 2159 34)
1018 2035 1189 2140 traduci-

217 2214 295 2297 tur,
322 2225 371 2276 er
395 2203 578 2302 Origenis
605 2203 835 2276 auctoritate
855 2203 924 2296 ²⁴⁰),
952 2202 1032 2277 dici
1057 2213 1189 2300 potest

146 2326 151 2341 ’
218 2341 471 2437 anagogicus,
498 2366 723 2438 quamquam
749 2339 951 2440 amystico
972 2341 1075 2437 apud
1093 2341 1189 2419 alios

218 2477 430 2576 scriptores
477 2502 556 2551 non
601 2477 735 2552 differt
780 2477 934 2550 omnino
984 2477 1061 2572 241);
1114 2478 1189 2554 nisi

217 2614 372 2713 mystici
397 2615 500 2688 forte
517 2615 710 2712 quoddam
725 2615 921 2688 sublimius
941 2616 1189 2712 anagogicum

218 2762 260 2824 et
285 2750 518 2824 theoreticam
551 2751 770 2851 appellatur
795 2752 861 2846 ²⁴²).
920 2752 1048 2848 Atque
1073 2753 1190 2852 hujus

217 2886 552 2984 interpretationis
579 2887 801 2986 spiritualis,
833 2934 885 2946 -
917 2889 1063 2964 etenim
1088 2889 1190 2964 hane

175 3096 178 3103 .
218 3023 520 3124 appellationem
534 3027 611 3122 jam
633 3027 876 3120 retineamus,
902 3026 1049 3127 quippe
1071 3052 1190 3129 quum

218 3207 450 3224 m

267 3301 332 3363 239)
350 3297 545 3353 Lobeckii
563 3297 771 3370 Aglaophamos
788 3308 839 3354 etc.
858 3298 882 3354 1.
900 3301 943 3358 85.

267 3439 331 3501 2⁴10)
356 3421 554 3489 Guerilre:
583 3435 618 3488 de
644 3434 748 3489 Schola
774 3453 844 3503 quae
867 3436 1059 3492 Alexandriae
1082 3437 1188 3495 floruit.

216 3539 252 3594 P.
271 3539 295 3592 1.
321 3536 774 3603 (HalisSax.MDCCCXX1V.)
799 3557 828 3609 p.
844 3545 887 3598 60.
910 3576 944 3587 —
967 3542 1188 3611 Hagenbecla.

216 3641 246 3696 in
266 3642 406 3696 Observtt.
425 3640 501 3695 circa
519 3641 599 3711 orig.
619 3658 705 3710 supra
721 3642 849 3700 laudatis.
865 3662 894 3712 p.
912 3648 956 3702 27.

266 3781 331 3844 241)
349 3779 520 3833 Glossee
539 3778 590 3834 Gr.
608 3780 670 3835 lat.
685 3747 877 3850 Ἄθαγωγικός,
895 3783 1030 3855 mysticus

266 3918 330 3984 ata)
348 3915 468 3984 Gregor.
485 3914 620 3972 Nauium.
631 3917 682 3973 Or.
692 3918 795 3979 XLII.
810 3923 876 3979 sal:
894 3916 928 3975 aot
945 3914 1019 3991 slyer
1034 3915 1189 3996 θεωρητικᾶ

216 4023 265 4076 καὶ
285 4018 437 4091 ἀνηγμένοι.
