2626 4906
1085 553 1137 633 87

159 784 210 833 ac
236 755 447 857 gentilibus
471 765 681 855 patuerunt
706 759 772 853 ¹¹⁴).
824 759 996 859 Namque.
1014 759 1075 837 his
1092 759 1137 838 iu

164 897 306 971 scholis
317 896 394 994 jam
407 895 543 968 doctus
555 895 629 969 fuit
643 895 847 991 Lucienus,
869 899 1080 998 presbyter
1092 907 1135 974 et

164 1042 312 1131 martyr
337 1033 394 1125 ¹¹⁵)
426 1042 541 1129 atque
574 1056 623 1105 ex
654 1033 790 1108 eadem
815 1032 1020 1132 disciplina
1042 1059 1135 1134 pro·

164 1169 240 1243 diit
263 1167 453 1245 Eusebius
478 1169 707 1264 Emesenus,
741 1167 784 1244 in
809 1168 1134 1269 interpretatione

164 1305 380 1405 scripturae
405 1331 535 1380 sacrae
565 1314 607 1380 et
631 1305 674 1380 in
697 1305 824 1380 literis
847 1305 1135 1383 humanioribus
1176 1316 1179 1327 “

163 1442 221 1518 ibi
245 1441 411 1542 primum
435 1441 631 1517 institutus
651 1443 718 1537 116).
772 1441 922 1525 Quibus
935 1467 1032 1519 vero
1046 1469 1134 1520 cum

213 1715 278 1782 111)
294 1714 402 1769 Auctor
418 1715 504 1772 Vitae
529 1712 559 1772 S.
577 1712 734 1769 Alexandri
759 1713 927 1770 Acoenetae
951 1717 982 1770 in
999 1713 1062 1770 ΑΛ.
1079 1713 1133 1775 SS.

163 1819 197 1873 aa
220 1818 294 1872 diem
320 1820 362 1875 15.
381 1802 444 1893 rin.
470 1836 500 1889 p.
527 1821 596 1876 roas
618 1817 654 1871 ae
680 1817 785 1872 senous
809 1818 861 1872 sus
879 1819 991 1873 Rabula
1007 1804 1134 1874 nasae

163 1921 297 1990 episcopo
314 1920 481 1975 florentibus
498 1921 566 1975 haec
584 1919 681 1975 tradita
714 1921 856 1993 „Erectae
878 1919 908 1974 in
932 1937 965 1975 ea
982 1921 1053 1977 urbe
1069 1929 1134 1978 sunt

160 2026 216 2091 jam
246 2024 313 2077 olim
339 2022 438 2078 divino
460 2033 528 2078 nutu
550 2022 663 2092 linguae
685 2022 813 2095 syriacae
830 1999 943 2078 scholae
966 2022 996 2078 in
1023 2022 1131 2078 vicina·

162 2145 221 2182 rum
242 2125 385 2181 civitatum
402 2126 584 2181 commodum.
635 2127 706 2181 Nam
732 2125 787 2181 viri
813 2124 958 2198 principes
983 2136 1067 2196 atque
1084 2126 1135 2184 alii

162 2230 317 2300 locupletes
348 2228 456 2285 liberos
486 2245 553 2284 suos
584 2245 619 2284 eo
656 2228 838 2283 institutionis
866 2229 957 2299 gratia
991 2230 1133 2298 ablegant.

161 2332 379 2421 Sacrumligitnr
395 2332 582 2402 principatum
599 2331 716 2400 adeptus
741 2333 865 2386 Rabulas
887 2331 1002 2398 studuit,
1029 2350 1134 2402 coope-
1248 2339 1252 2347 '

163 2445 240 2492 rente
258 2435 360 2504 spiritu
377 2446 482 2503 sancto,
501 2451 596 2489 omnes
613 2433 643 2489 in
660 2451 756 2490 veram
773 2443 802 2488 et
818 2435 945 2490 stabilem
963 2435 1047 2490 fidem
1064 2438 1134 2491 adu-

160 2557 225 2595 nare
235 2578 318 2596 .....
334 2540 458 2593 Exteros
480 2537 624 2607 gentilium
641 2538 686 2592 bis
710 2537 741 2592 in
759 2555 884 2592 mensem
902 2556 920 2593 e
936 2539 1034 2593 schola
1049 2540 1085 2592 ad
1102 2555 1135 2594 se

160 2644 294 2699 evocabat
319 2658 423 2709 eosque
455 2642 582 2696 verbum>
602 2639 729 2695 veritatis
754 2641 881 2697 docebat.
931 2643 975 2697 Ac
1001 2651 1132 2713 suscepto

160 2746 247 2801 sancti
265 2743 381 2814 spiritus
398 2743 557 2813 signaculo,
585 2760 676 2810 eoque
702 2754 784 2813 pacto
811 2745 961 2799 maximum
987 2746 1133 2800 consecuti

159 2850 380 2915 emolumentum,
397 2848 427 2902 in
443 2846 562 2916 patriam
579 2849 790 2902 revertebantur
808 2857 835 2902 et
851 2864 979 2903 successu
994 2847 1132 2917 temporis

158 2951 240 3008 bonis
263 2951 365 3007 assueti
390 2949 531 3016 moribus,
565 2933 679 3004 eosdem
700 2948 799 3004 liberis
825 2949 937 3005 suisio
960 2949 1016 3003 hoc
1042 2966 1133 3019 usque

160 3063 267 3127 tempus
289 3052 444 3110 inserunt.“

212 3195 276 3257 115)
301 3209 329 3248 v.
356 3189 475 3247 Luciani
499 3189 666 3264 Presbyteri
689 3186 746 3244 vita
769 3206 813 3259 cp.
838 3193 863 3246 1.
886 3188 917 3243 in
938 3188 1001 3244 An.
1025 3186 1078 3244 SS.
1095 3188 1132 3243 ud

160 3295 234 3370 ¹diem
251 3300 285 3352 17
302 3293 381 3360 Jun,
406 3268 456 3349 ubi
478 3293 581 3349 dicitur
603 3293 745 3348 Lucienus
770 3301 981 3361 praeceptorem
999 3290 1131 3346 babuisse

159 3397 390 3464 Muscarium,
425 3397 485 3466 qui
510 3414 630 3452 sacras
652 3396 855 3466 scripturas
876 3394 1054 3450 Edessae
1077 3394 1132 3448 in-

160 3503 441 3570 terpretabatur.
476 3499 617 3554 Lucienus
635 3517 703 3554 vero
720 3517 738 3553 a
755 3498 912 3555 Sozomeno
930 3494 1088 3561 (unul.
1104 3498 1130 3554 5.

160 3604 204 3659 ed.
222 3605 300 3673 luog.
319 3621 348 3673 p.
366 3607 428 3669 503)
447 3602 566 3657 dicitur:
593 3599 641 3668 τὰς
666 3599 742 3677 ἱερὰς
765 3597 879 3676 γραφὰς
895 3602 933 3662 εἰς
950 3591 1038 3674 ἄκρον
1054 3597 1133 3677 rinpo-

160 3702 287 3774 βωκότος.
322 3706 359 3763 cf.
376 3708 518 3762 Assem.
538 3706 557 3760 l.
576 3706 596 3761 l.
613 3706 638 3760 1.
655 3706 773 3775 Prolog.
791 3722 819 3774 p.
836 3709 863 3764 3.
882 3705 947 3760 coll.
963 3723 993 3776 p.
1012 3707 1073 3763 204.

211 3847 273 3910 116)
291 3843 440 3899 Socrat.
467 3844 504 3899 11.
530 3843 564 3898 E.
590 3842 631 3898 Ii.
657 3860 681 3898 c.
699 3846 725 3900 9.
748 3841 814 3897 edit.
832 3841 909 3913 Mog.
928 3861 955 3912 p.
973 3843 1023 3901 85:
1053 3835 1131 3913 Φησ1

160 3941 307 4021 (Pasippus
324 3942 340 4002 ὃ
357 3945 536 4010 Λαοδικείας)
561 3945 592 4001 ἐν
608 3947 646 4015 τῷ
663 3947 701 4006 εἰς
718 3942 803 4001 αὐτὸν
819 3945 1005 4016 πεπονημένα»
1020 3943 1131 4031 βιβλίῳ,Ι
