2626 4906
964 574 1019 659 sl

53 786 148 862 inde
173 786 224 860 ad
248 786 343 860 Acta
369 791 410 860 et
440 784 489 860 ad
513 785 703 886 Epistolas
728 787 1017 888 Apostolorum:

52 950 140 998 mox
175 925 224 998 ad
249 923 482 1023 Prophetas>
526 924 575 997 ad
603 925 932 1019 Pentateuchum
950 926 1021 999 zaid
1147 940 1153 987 ἒ

54 1059 582 1158 ceterosndeiuscripturae
605 1061 738 1154 libros,
765 1061 903 1158 quibus
916 1062 1020 1160 ‘peit-

52 1195 600 1295 lec‘tis,2tut01:p0ssitadcc.
628 1197 835 1272 accedere:
870 1210 1020 1301 sancto·

55 1340 141 1414 nim
176 1333 347 1430 denique
372 1344 531 1440 patrum
565 1334 751 1433 opuscula
785 1324 940 1409 volutet·
962 1344 1021 1410 te

56 1483 204 1568 ratque.
259 1469 425 1549 Deinde
459 1494 576 1564 vero,
622 1471 940 1569 quemadmodum
973 1494 1022 1547 ex

57 1605 216 1695 Eusebii
253 1593 433 1681 Emeseni
476 1607 654 1705 exemplo
691 1606 733 1679 in
782 1607 916 1706 aprico
951 1616 1021 1700 est,

57 1762 173 1844 quum
197 1744 369 1840 'juvenes
400 1743 443 1817 in
474 1743 601 1817 literis
634 1741 750 1816 sacris
772 1744 870 1818 satis
896 1753 1023 1818 essent

59 1880 229 1974 educati,
264 1890 366 1953 teste
390 1879 605 1953 Sozomeno
632 1886 674 1952 e't
698 1877 882 1973 Socrate,
908 1879 1023 1953 disci-

58 2018 172 2119 plinis
212 2015 445 2089 humanioris
482 2002 707 2089 literaturae
743 2015 784 2088 in
819 2016 1023 2090 Edessenis

59 2155 201 2230 scholis
222 2152 533 2245 instituebantur,
559 2151 673 2225 sicuti
698 2124 814 2225 etiam
830 2152 871 2225 in
893 2152 1023 2227 schola
1138 2224 1142 2241 ‚

59 2289 315 2368 Alexandrina
337 2288 530 2386 Origenes
555 2288 624 2381 ¹²⁶),
650 2288 860 2387 discipulos
880 2290 1024 2362 acutioz
1072 2342 1076 2348 -

59 2429 109 2504 ris
147 2425 299 2525 ingenii
333 2425 384 2499 ad
413 2424 701 2523 Philosophiam
738 2424 1022 2520 introducebat‘s

59 2563 314 2642 Geometriam
349 2561 428 2636 illis
463 2562 618 2635 tradens
658 2572 699 2635 et
733 2561 1024 2636 Arithmeticam

58 2703 227 2800 aliasque
252 2698 429 2799 praevias
453 2698 695 2798 disciplinas:
722 2698 815 2781 inde
834 2699 883 2773 ad
902 2699 1024 2774 varias

58 2838 381 2937 Philosophorum
413 2847 534 2909 sectas
568 2861 633 2909 eos
664 2837 895 2934 perducens.
947 2835 1027 2910 De·
1110 2826 1137 2850 ⁰

59 2975 178 3076 nique
204 2999 321 3067 vero,
340 3039 343 3043 .
360 2972 677 3070 quemadmodum
710 2971 880 3045 Eusebio
914 2971 1027 3046 Eme·

59 3137 149 3188 seno
185 3134 261 3210 per
290 3108 500 3184 Eusebium
532 3106 788 3205 Pamphilium
823 3081 865 3180 et
894 3106 1028 3181 Patro-

59 3249 228 3350 philum,
261 3243 512 3346 Scythopolis
544 3225 785 3343 episcopum,
821 3241 1027 3341 contigisse

61 3410 176 3485 supra
201 3383 384 3482 legimus,
418 3381 635 3480 scripturae
661 3404 790 3454 sacrae
815 3379 938 3454 libros
964 3404 1029 3453 ex-

63 3520 239 3620 quisitius
275 3529 316 3593 et
348 3518 525 3594 doctiore
556 3517 684 3591 studio
716 3514 1025 3615 perdidicerunt'.

62 3656 170 3732 Haec
186 3665 323 3757 'autem
348 3653 556 3769 Ephraemi
588 3652 718 3729 schola
743 3653 813 3727 sub
841 3651 1030 3728 ecclesiae

113 3962 393 4035 nemorosius
411 3959 441 4018 in
458 3961 494 4019 H.
512 3961 547 4018 Ε.
566 3958 621 4018 v1.
638 3963 703 4029 18·v
