2626 4906
979 570 1063 649 ’203

88 778 326 877 polliceatur
358 777 424 867 (ll.
458 777 563 872 234).
629 777 781 853 loelem
809 777 857 852 in
892 777 1063 871 Rubeni-

89 931 214 991 tarum
240 919 347 990 tribu
373 924 522 1009 natum,
570 926 761 990 mortuum
796 929 838 991 et
869 919 1062 1018 sepultum

88 1082 185 1148 esse,
212 1079 299 1127 cum
325 1053 455 1162 multis
482 1052 566 1126 aliis
583 1054 639 1146 261)
666 1055 864 1131 existimat.
919 1056 1065 1131 Censet

88 1195 141 1266 de
167 1166 406 1290 Prophetiae
433 1201 679 1289 argumente,
714 1193 791 1266 hoc
823 1194 865 1266 in
901 1219 948 1268 eo
975 1221 1064 1269 ver-

87 1330 179 1424 sari,
198 1341 242 1403 ut
256 1329 499 1428 Assyriorum
519 1337 560 1402 et
576 1326 861 1403 Chaldaeorum
879 1332 1064 1430 irruptio,

87 1470 158 1543 sub
179 1479 345 1565 quatuor
362 1466 534 1563 regibus,
550 1452 732 1540 nimirum
749 1467 1064 1568 Tiglatpilesare,

87 1606 379 1696 Salmanassare,
409 1600 628 1677 Sanheribo
655 1613 696 1678 et
720 1604 1064 1700 Nebucadnezare,

88 1744 159 1817 sub
186 1742 420 1815 locustarum
446 1728 620 1838 imagine¹
640 1743 897 1842 symboloque
917 1745 1065 1819 descri-

87 1883 204 1954 batur
230 1880 300 1972 (ib.
328 1877 443 1973 249»
470 1902 545 1975 qua
571 1877 613 1950 in
633 1878 824 1952 sententia
846 1906 932 1954 cum
950 1881 1064 1955 Para-

87 2021 247 2118 phraste
276 2015 463 2086 chaldaeo
497 2025 613 2111 atque
641 2015 724 2088 aliis
752 2017 942 2090 ecclesiae
970 2019 1065 2093 scri-

88 2154 279 2255 ptoribus
307 2152 375 2249 qui
403 2177 423 2224 a
448 2151 606 2226 Judaeis
634 2164 761 2226 essent
787 2155 933 2248 edocti,
973 2181 1064 2229 con·
1186 2182 1193 2201 “

89 2291 200 2367 venit
226 2292 294 2383 262).
361 2289 525 2362 Relicua
550 2315 647 2363 vero
675 2290 821 2387 omnia,
862 2317 961 2390 quae
987 2294 1065 2391 hoc

87 2431 130 2503 in
157 2452 305 2527 genere
332 2426 556 2524 proposuit,
595 2427 741 2501 nullius
766 2439 855 2504 sunt
879 2431 1064 2505 momenti

88 2579 131 2642 et
163 2565 263 2639 nihil
296 2561 441 2638 habent
478 2562 582 2639 novi.
635 2564 683 2638 Id
714 2591 811 2640 vero
847 2592 926 2639 non
951 2593 1064 2667 prac-

86 2705 344 2784 tcrmittemus
364 2701 533 2796 silentio,
557 2703 664 2799 quod
680 2703 731 2776 de
745 2704 1063 2801 Maccahaeorum

87 2853 130 2917 et
150 2839 331 2915 Antiochi
348 2838 562 2937 Epiphanis
589 2848 715 2912 aetate
734 2840 956 2915 Zachariam
979 2868 1063 2916 esse

88 2979 351 3074 vaticinatum,
378 2976 555 3076 opinatus
582 2973 641 3048 sit.

130 3220 132 3224 Ι
169 3254 231 3332 47.
271 3253 472 3337 Quomodo
493 3251 768 3352 interpretatio
793 3252 862 3326 illa
881 3252 1079 3327 historica·
1168 3344 1171 3349 .

93 3395 137 3469 in
165 3394 389 3468 universum
414 3390 464 3464 sit
490 3398 727 3489 comparata,
763 3391 950 3489 deinceps
976 3402 1067 3464 ante

90 3541 150 3605 est
177 3531 402 3628 videndum,
428 3553 540 3626 quam
562 3526 723 3626 singulis
742 3553 824 3601 eam
850 3528 1068 3605 accuratius

142 3835 206 3896 261)
221 3831 296 3889 (LA.
307 3831 482 3890 Credner:
493 3835 548 3892 {Det
558 3836 746 3902 prosuerunt
766 3835 829 3891 Hal.
840 3838 916 3894 1831.
928 3852 958 3903 p.
968 3832 994 3888 1.
1003 3849 1066 3888 ann.
1151 3869 1155 3875 -

141 3971 570 4041 rememorantem.
593 3988 655 4041 sqq.
