2626 4906
459 1342 674 1438 chP.
726 1341 774 1426 Π.

159 1582 338 1670 inquiritur
358 1584 393 1649 in
415 1584 495 1648 ortis
516 1584 761 1653 hermeneaticoe
786 1588 917 1654 maxime
937 1586 1020 1656 inter
1040 1584 1125 1658 Ara·

199 1708 306 1752 mneos
328 1697 358 1750 et
379 1687 553 1752 scholaram
579 1691 820 1755 christianarum
841 1694 954 1776 quibus
974 1693 1084 1759 Meso·

240 1794 382 1875 potamia
404 1792 549 1876 florebat
582 1796 669 1857 circo
697 1795 872 1876 Ephraami
902 1805 1043 1878 tempora

533 1898 751 1962 conditionem.

161 2155 218 2237 12.
246 2116 304 2226 ln
344 2150 466 2252 prima
504 2165 658 2229 nostrae
701 2153 970 2255 disputationis
1016 2165 1129 2256 parte

158 2290 337 2366 breviter
364 2290 624 2388 exposuimus,
652 2317 836 2388 quaenam
862 2293 912 2367 ad
938 2292 977 2368 S.
1004 2290 1044 2368 S.
1071 2293 1129 2367 in-

159 2427 447 2526 terpretandam
496 2427 705 2526 Ephraemi
746 2431 869 2504 nostri
910 2430 1129 2526 adjumenta

133 2566 321 2641 'fuissent
348 2589 470 2660 eaque
497 2589 571 2637 nec
607 2566 724 2638 multa
750 2591 825 2638 nec
851 2591 986 2666 magna
1012 2566 1129 2639 fuisse

159 2699 419 2801 cognovimus.
465 2695 636 2775 Exordio
650 2696 772 2801 igitur
786 2703 992 2802 explicato,
1013 2702 1130 2776 vesti·

158 2837 250 2914 bula
266 2832 435 2911 ¹honesta
461 2848 668 2936 aptumque
706 2840 851 2913 aditum
884 2839 932 2912 ad
959 2862 1129 2937 eaquae

159 2976 397 3078 potissimum
436 3000 539 3079 nunc
583 2974 799 3071 quaerimus
843 2974 1136 3068 fecisse,{ves-·

160 3128 341 3211 trumque
368 3111 541 3203 animum,
568 3111 749 3204 lectores,
776 3112 825 3185 ad
851 3109 1129 3184 consideranda
1246 3165 1249 3170 -

162 3279 218 3346 ea,
246 3275 344 3348 quae
371 3274 473 3321 nunc
500 3246 665 3321 dicenda
692 3258 790 3341 sunt,
821 3243 1062 3375 constituisse
1089 3254 1130 3320 et

162 3386 344 3462 idoneum
370 3382 508 3460 fecisse
533 3383 645 3459 nobis
670 3379 858 3461 videmur.
911 3381 1050 3484 Neque
1076 3392 1131 3457 ta-

166 3551 254 3598 men
281 3524 329 3596 ad
353 3520 473 3622 ipsam
500 3546 684 3616 caussam,
720 3523 771 3595 de
805 3547 879 3620 qua
906 3523 1051 3621 agitur,
1089 3518 1132 3594 in

168 3687 213 3736 eo
238 3660 418 3735 nimirum
442 3659 614 3758 positam,
650 3658 928 3757 utEphraemi
954 3657 1132 3733 inlibris
1187 3754 1190 3759 Ι

169 3799 282 3873 sacris
322 3796 568 3896 explanandis
607 3795 794 3869 rationem
829 3797 989 3894 ejusque
1026 3793 1134 3892 prin·

175 3934 275 4038 cipia
309 3932 524 4036 generatim
555 3933 790 4032 explicemus
823 3932 948 4006 statim
973 3929 1134 4005 descen⁴

914 4099 917 4105 .
948 4064 998 4121 ,μ
