<?xml version="1.0" encoding="UTF-8"?>
<!DOCTYPE html PUBLIC "-//W3C//DTD XHTML 1.0 Transitional//EN"
    "http://www.w3.org/TR/xhtml1/DTD/xhtml1-transitional.dtd">
<html xmlns="http://www.w3.org/1999/xhtml" xml:lang="en" lang="en">
 <head>
  <title>
</title>
<meta http-equiv="Content-Type" content="text/html;charset=utf-8" />
  <meta name='ocr-system' content='tesseract 3.04.00' />
  <meta name='ocr-capabilities' content='ocr_page ocr_carea ocr_par ocr_line ocrx_word'/>
</head>
<body>
  <div class='ocr_page' id='page_1' title='image "./deephraemisyria00lenggoog_0033.png"; bbox 0 0 2626 4906; ppageno 0'>
   <div class='ocr_carea' id='block_1_1' title="bbox 218 485 238 520">
    <p class='ocr_par' dir='ltr' id='par_1_1' title="bbox 218 485 238 520">
     <span class='ocr_line' id='line_1_1' title="bbox 218 485 238 520; baseline 0 0"><span class='ocrx_word' id='word_1_1' title='bbox 218 485 238 520; x_wconf 69' lang='grc'><strong>4</strong></span> 
     </span>
    </p>
   </div>
   <div class='ocr_carea' id='block_1_2' title="bbox 99 589 213 707">
    <p class='ocr_par' dir='ltr' id='par_1_2' title="bbox 99 589 213 707">
     <span class='ocr_line' id='line_1_2' title="bbox 99 589 213 707; baseline 0.026 -42"><span class='ocrx_word' id='word_1_2' title='bbox 99 589 213 707; x_wconf 58' lang='grc' dir='ltr'><strong>ὶιε</strong></span> 
     </span>
    </p>
   </div>
   <div class='ocr_carea' id='block_1_3' title="bbox 128 786 1196 1857">
    <p class='ocr_par' dir='ltr' id='par_1_3' title="bbox 128 786 1196 1857">
     <span class='ocr_line' id='line_1_3' title="bbox 161 786 1135 898; baseline 0.001 -28"><span class='ocrx_word' id='word_1_3' title='bbox 161 819 353 898; x_wconf 83' lang='lat' dir='ltr'>persaepe</span> <span class='ocrx_word' id='word_1_4' title='bbox 400 793 512 870; x_wconf 90' lang='lat' dir='ltr'><strong>nimis</strong></span> <span class='ocrx_word' id='word_1_5' title='bbox 556 786 739 870; x_wconf 88' lang='lat' dir='ltr'><strong>credulos</strong></span> <span class='ocrx_word' id='word_1_6' title='bbox 790 818 832 869; x_wconf 80' lang='lat' dir='ltr'><strong>se</strong></span> <span class='ocrx_word' id='word_1_7' title='bbox 883 794 1135 895; x_wconf 83' lang='lat' dir='ltr'><strong>praebebant.</strong></span> 
     </span>
     <span class='ocr_line' id='line_1_4' title="bbox 161 927 1138 1032; baseline -0.002 -22"><span class='ocrx_word' id='word_1_8' title='bbox 161 927 246 1010; x_wconf 85' lang='lat' dir='ltr'><strong>Jam</strong></span> <span class='ocrx_word' id='word_1_9' title='bbox 271 959 369 1011; x_wconf 89' lang='lat' dir='ltr'><strong>vero</strong></span> <span class='ocrx_word' id='word_1_10' title='bbox 396 957 447 1008; x_wconf 83' lang='lat' dir='ltr'><strong>ex</strong></span> <span class='ocrx_word' id='word_1_11' title='bbox 471 933 531 1028; x_wconf 83' lang='lat' dir='ltr'><strong>iis,</strong></span> <span class='ocrx_word' id='word_1_12' title='bbox 558 958 657 1031; x_wconf 92' lang='lat' dir='ltr'><strong>quae</strong></span> <span class='ocrx_word' id='word_1_13' title='bbox 682 956 786 1006; x_wconf 91' lang='lat' dir='ltr'><strong>nunc</strong></span> <span class='ocrx_word' id='word_1_14' title='bbox 801 932 1000 1008; x_wconf 84' lang='lat' dir='ltr'><strong>uberrime</strong></span> <span class='ocrx_word' id='word_1_15' title='bbox 1018 958 1138 1032; x_wconf 81' lang='lat' dir='ltr'><strong>expo-</strong></span> 
     </span>
     <span class='ocr_line' id='line_1_5' title="bbox 128 1050 1140 1170; baseline -0.003 -22"><span class='ocrx_word' id='word_1_16' title='bbox 128 1050 130 1056; x_wconf 23' lang='lat'>·</span> <span class='ocrx_word' id='word_1_17' title='bbox 162 1095 308 1166; x_wconf 87' lang='lat' dir='ltr'><strong>nemus,</strong></span> <span class='ocrx_word' id='word_1_18' title='bbox 342 1070 463 1170; x_wconf 91' lang='lat' dir='ltr'><strong>magis</strong></span> <span class='ocrx_word' id='word_1_19' title='bbox 499 1068 614 1145; x_wconf 90' lang='lat' dir='ltr'><strong>etiam</strong></span> <span class='ocrx_word' id='word_1_20' title='bbox 648 1071 865 1169; x_wconf 81' lang='lat' dir='ltr'><strong>apparebit,</strong></span> <span class='ocrx_word' id='word_1_21' title='bbox 910 1096 1024 1170; x_wconf 91' lang='lat' dir='ltr'><strong>quam</strong></span> <span class='ocrx_word' id='word_1_22' title='bbox 1059 1073 1140 1146; x_wconf 88' lang='lat' dir='ltr'><strong>sre-</strong></span> 
     </span>
     <span class='ocr_line' id='line_1_6' title="bbox 163 1207 1141 1307; baseline 0.002 -26"><span class='ocrx_word' id='word_1_23' title='bbox 163 1232 285 1307; x_wconf 89' lang='lat' dir='ltr'><strong>quens</strong></span> <span class='ocrx_word' id='word_1_24' title='bbox 310 1207 432 1282; x_wconf 84' lang='lat' dir='ltr'><strong>fuerit</strong></span> <span class='ocrx_word' id='word_1_25' title='bbox 466 1207 705 1283; x_wconf 89' lang='lat' dir='ltr'><strong>Judaeorum</strong></span> <span class='ocrx_word' id='word_1_26' title='bbox 730 1208 895 1284; x_wconf 88' lang='lat' dir='ltr'><strong>auditor.</strong></span> <span class='ocrx_word' id='word_1_27' title='bbox 961 1209 1141 1306; x_wconf 85' lang='lat' dir='ltr'><strong>Namque</strong></span> 
     </span>
     <span class='ocr_line' id='line_1_7' title="bbox 163 1344 1143 1444; baseline 0 -25"><span class='ocrx_word' id='word_1_28' title='bbox 163 1371 222 1439; x_wconf 90' lang='lat' dir='ltr'><strong>ea,</strong></span> <span class='ocrx_word' id='word_1_29' title='bbox 249 1371 364 1444; x_wconf 75' lang='lat' dir='ltr'><strong>quae</strong></span> <span class='ocrx_word' id='word_1_30' title='bbox 374 1344 592 1420; x_wconf 88' lang='lat' dir='ltr'><strong>invenimus</strong></span> <span class='ocrx_word' id='word_1_31' title='bbox 620 1346 808 1444; x_wconf 86' lang='lat' dir='ltr'><strong>exempla,</strong></span> <span class='ocrx_word' id='word_1_32' title='bbox 844 1345 1062 1444; x_wconf 87' lang='lat' dir='ltr'><strong>diligenter</strong></span> <span class='ocrx_word' id='word_1_33' title='bbox 1086 1355 1143 1419; x_wconf 89' lang='lat' dir='ltr'><strong>ta-</strong></span> 
     </span>
     <span class='ocr_line' id='line_1_8' title="bbox 164 1483 1143 1581; baseline 0.002 -27"><span class='ocrx_word' id='word_1_34' title='bbox 164 1507 254 1555; x_wconf 88' lang='lat' dir='ltr'><strong>men</strong></span> <span class='ocrx_word' id='word_1_35' title='bbox 279 1507 326 1556; x_wconf 93' lang='lat' dir='ltr'><strong>ea</strong></span> <span class='ocrx_word' id='word_1_36' title='bbox 351 1483 619 1581; x_wconf 81' lang='lat' dir='ltr'><strong>expendentes</strong></span> <span class='ocrx_word' id='word_1_37' title='bbox 646 1493 687 1556; x_wconf 91' lang='lat' dir='ltr'><strong>et</strong></span> <span class='ocrx_word' id='word_1_38' title='bbox 711 1483 936 1581; x_wconf 86' lang='lat' dir='ltr'><strong>seligentes,</strong></span> <span class='ocrx_word' id='word_1_39' title='bbox 975 1483 1143 1556; x_wconf 88' lang='lat' dir='ltr'><strong>colloca-</strong></span> 
     </span>
     <span class='ocr_line' id='line_1_9' title="bbox 162 1619 1144 1721; baseline 0.004 -28"><span class='ocrx_word' id='word_1_40' title='bbox 162 1619 309 1713; x_wconf 86' lang='lat' dir='ltr'><strong>bimus,</strong></span> <span class='ocrx_word' id='word_1_41' title='bbox 347 1619 528 1718; x_wconf 91' lang='lat' dir='ltr'><strong>quoniam</strong></span> <span class='ocrx_word' id='word_1_42' title='bbox 554 1619 660 1717; x_wconf 92' lang='lat' dir='ltr'><strong>quod</strong></span> <span class='ocrx_word' id='word_1_43' title='bbox 685 1619 728 1692; x_wconf 92' lang='lat' dir='ltr'><strong>in</strong></span> <span class='ocrx_word' id='word_1_44' title='bbox 754 1620 941 1694; x_wconf 88' lang='lat' dir='ltr'><strong>universo</strong></span> <span class='ocrx_word' id='word_1_45' title='bbox 968 1630 1026 1694; x_wconf 90' lang='lat' dir='ltr'><strong>est</strong></span> <span class='ocrx_word' id='word_1_46' title='bbox 1052 1647 1144 1721; x_wconf 94' lang='lat' dir='ltr'><strong>pro-</strong></span> 
     </span>
     <span class='ocr_line' id='line_1_10' title="bbox 161 1732 1196 1857; baseline 0.005 -27"><span class='ocrx_word' id='word_1_47' title='bbox 161 1757 312 1850; x_wconf 88' lang='lat' dir='ltr'><strong>batum,</strong></span> <span class='ocrx_word' id='word_1_48' title='bbox 336 1756 380 1831; x_wconf 94' lang='lat' dir='ltr'><strong>id</strong></span> <span class='ocrx_word' id='word_1_49' title='bbox 405 1757 448 1832; x_wconf 93' lang='lat' dir='ltr'><strong>in</strong></span> <span class='ocrx_word' id='word_1_50' title='bbox 473 1768 586 1857; x_wconf 89' lang='lat' dir='ltr'><strong>parte</strong></span> <span class='ocrx_word' id='word_1_51' title='bbox 614 1767 674 1832; x_wconf 89' lang='lat' dir='ltr'><strong>est</strong></span> <span class='ocrx_word' id='word_1_52' title='bbox 697 1756 860 1856; x_wconf 85' lang='lat' dir='ltr'><strong>probari</strong></span> <span class='ocrx_word' id='word_1_53' title='bbox 884 1782 1056 1834; x_wconf 89' lang='lat' dir='ltr'><strong>neeesse.</strong></span> <span class='ocrx_word' id='word_1_54' title='bbox 1193 1732 1196 1741; x_wconf 20' lang='grc' dir='ltr'><em>ι</em></span> 
     </span>
    </p>
   </div>
   <div class='ocr_carea' id='block_1_4' title="bbox 160 2020 1157 3786">
    <p class='ocr_par' dir='ltr' id='par_1_4' title="bbox 160 2020 1157 3786">
     <span class='ocr_line' id='line_1_11' title="bbox 245 2020 1147 2134; baseline 0.002 -26"><span class='ocrx_word' id='word_1_55' title='bbox 245 2031 282 2108; x_wconf 84' lang='grc'><strong>5.</strong></span> <span class='ocrx_word' id='word_1_56' title='bbox 334 2031 506 2106; x_wconf 87' lang='lat' dir='ltr'><strong>Primum</strong></span> <span class='ocrx_word' id='word_1_57' title='bbox 532 2033 667 2132; x_wconf 86' lang='lat' dir='ltr'><strong>igitur,</strong></span> <span class='ocrx_word' id='word_1_58' title='bbox 693 2047 738 2109; x_wconf 92' lang='lat' dir='ltr'><strong>ut</strong></span> <span class='ocrx_word' id='word_1_59' title='bbox 758 2034 852 2109; x_wconf 91' lang='lat' dir='ltr'><strong>inde</strong></span> <span class='ocrx_word' id='word_1_60' title='bbox 871 2020 1066 2134; x_wconf 86' lang='lat' dir='ltr'><strong>incipiam,</strong></span> <span class='ocrx_word' id='word_1_61' title='bbox 1094 2035 1147 2110; x_wconf 88' lang='lat' dir='ltr'><strong>de</strong></span> 
     </span>
     <span class='ocr_line' id='line_1_12' title="bbox 169 2166 1148 2270; baseline 0.003 -28"><span class='ocrx_word' id='word_1_62' title='bbox 169 2166 383 2242; x_wconf 85' lang='lat' dir='ltr'><strong>verborum</strong></span> <span class='ocrx_word' id='word_1_63' title='bbox 421 2195 470 2244; x_wconf 84' lang='lat' dir='ltr'><strong>ex</strong></span> <span class='ocrx_word' id='word_1_64' title='bbox 506 2170 686 2244; x_wconf 89' lang='lat' dir='ltr'><strong>hebraeis</strong></span> <span class='ocrx_word' id='word_1_65' title='bbox 726 2172 773 2246; x_wconf 92' lang='lat' dir='ltr'><strong>ab</strong></span> <span class='ocrx_word' id='word_1_66' title='bbox 811 2171 1148 2270; x_wconf 78' lang='lat' dir='ltr'><strong>interpretationis</strong></span> 
     </span>
     <span class='ocr_line' id='line_1_13' title="bbox 163 2306 1151 2408; baseline 0.004 -27"><span class='ocrx_word' id='word_1_67' title='bbox 163 2306 347 2406; x_wconf 85' lang='lat' dir='ltr'><strong>syriacae</strong></span> <span class='ocrx_word' id='word_1_68' title='bbox 387 2318 548 2382; x_wconf 89' lang='lat' dir='ltr'><strong>auctore</strong></span> <span class='ocrx_word' id='word_1_69' title='bbox 582 2318 827 2383; x_wconf 89' lang='lat' dir='ltr'><strong>retentorum</strong></span> <span class='ocrx_word' id='word_1_70' title='bbox 862 2309 1151 2408; x_wconf 86' lang='lat' dir='ltr'><strong>significatione</strong></span> 
     </span>
     <span class='ocr_line' id='line_1_14' title="bbox 171 2445 1152 2546; baseline 0.002 -25"><span class='ocrx_word' id='word_1_71' title='bbox 171 2445 342 2521; x_wconf 85' lang='lat' dir='ltr'><strong>Judaeos</strong></span> <span class='ocrx_word' id='word_1_72' title='bbox 369 2445 569 2520; x_wconf 89' lang='lat' dir='ltr'><strong>consuluit</strong></span> <span class='ocrx_word' id='word_1_73' title='bbox 605 2471 896 2546; x_wconf 86' lang='lat' dir='ltr'><strong>saepenumero.</strong></span> <span class='ocrx_word' id='word_1_74' title='bbox 949 2446 1152 2544; x_wconf 87' lang='lat' dir='ltr'><strong>Ejusmodi</strong></span> 
     </span>
     <span class='ocr_line' id='line_1_15' title="bbox 173 2582 1153 2684; baseline 0.002 -27"><span class='ocrx_word' id='word_1_75' title='bbox 173 2583 271 2657; x_wconf 89' lang='lat' dir='ltr'><strong>haec</strong></span> <span class='ocrx_word' id='word_1_76' title='bbox 307 2594 414 2676; x_wconf 85' lang='lat' dir='ltr'><strong>sunt,</strong></span> <span class='ocrx_word' id='word_1_77' title='bbox 454 2609 554 2681; x_wconf 90' lang='lat' dir='ltr'><strong>quae</strong></span> <span class='ocrx_word' id='word_1_78' title='bbox 583 2594 811 2684; x_wconf 90' lang='lat' dir='ltr'><strong>sequuntur.</strong></span> <span class='ocrx_word' id='word_1_79' title='bbox 876 2582 947 2658; x_wconf 85' lang='lat' dir='ltr'><strong>Est</strong></span> <span class='ocrx_word' id='word_1_80' title='bbox 972 2585 1075 2660; x_wconf 90' lang='lat' dir='ltr'><strong>enim</strong></span> <span class='ocrx_word' id='word_1_81' title='bbox 1102 2586 1153 2659; x_wconf 92' lang='lat' dir='ltr'><strong>ad</strong></span> 
     </span>
     <span class='ocr_line' id='line_1_16' title="bbox 173 2719 1153 2816; baseline 0.004 -23"><span class='ocrx_word' id='word_1_82' title='bbox 173 2720 305 2794; x_wconf 90' lang='lat' dir='ltr'><strong>locum</strong></span> <span class='ocrx_word' id='word_1_83' title='bbox 331 2721 428 2796; x_wconf 88' lang='lat' dir='ltr'><strong>Gen.</strong></span> <span class='ocrx_word' id='word_1_84' title='bbox 455 2720 518 2814; x_wconf 80' lang='lat'><strong>28,</strong></span> <span class='ocrx_word' id='word_1_85' title='bbox 547 2721 606 2798; x_wconf 82' lang='lat'><strong>19.</strong></span> <span class='ocrx_word' id='word_1_86' title='bbox 634 2720 682 2816; x_wconf 90' lang='grc' dir='ltr'><strong>(Ι.</strong></span> <span class='ocrx_word' id='word_1_87' title='bbox 712 2720 797 2797; x_wconf 85' lang='grc'><strong>178.</strong></span> <span class='ocrx_word' id='word_1_88' title='bbox 824 2719 885 2813; x_wconf 80' lang='lat' dir='ltr'><strong>F.)</strong></span> <span class='ocrx_word' id='word_1_89' title='bbox 928 2720 989 2794; x_wconf 88' lang='lat' dir='ltr'><strong>his</strong></span> <span class='ocrx_word' id='word_1_90' title='bbox 1015 2723 1153 2797; x_wconf 85' lang='lat' dir='ltr'><strong>verbis</strong></span> 
     </span>
     <span class='ocr_line' id='line_1_17' title="bbox 160 2857 1154 2968; baseline 0 -37"><span class='ocrx_word' id='word_1_91' title='bbox 160 2857 339 2955; x_wconf 76' lang='lat' dir='ltr'><strong>&#39;loquens</strong></span> <span class='ocrx_word' id='word_1_92' title='bbox 365 2859 621 2958; x_wconf 81' lang='lat' dir='ltr'><strong>Ephraemus:</strong></span> <span class='ocrx_word' id='word_1_93' title='bbox 649 2870 775 2949; x_wconf 45' lang='lat' dir='ltr'><strong>unibat-,r</strong></span> <span class='ocrx_word' id='word_1_94' title='bbox 789 2887 871 2964; x_wconf 58' lang='lat' dir='ltr'><strong>apag</strong></span> <span class='ocrx_word' id='word_1_95' title='bbox 886 2873 1006 2968; x_wconf 47' lang='lat' dir='ltr'><strong>pognia</strong></span> <span class='ocrx_word' id='word_1_96' title='bbox 1019 2871 1075 2947; x_wconf 65' lang='lat' dir='ltr'><strong>ban</strong></span> <span class='ocrx_word' id='word_1_97' title='bbox 1092 2891 1154 2953; x_wconf 48' lang='lat' dir='ltr'><strong>naq</strong></span> 
     </span>
     <span class='ocr_line' id='line_1_18' title="bbox 163 2980 1154 3100; baseline 0 -28"><span class='ocrx_word' id='word_1_98' title='bbox 163 2980 354 3072; x_wconf 73' lang='lat' dir='ltr'><strong>&#39;Baro-et</strong></span> <span class='ocrx_word' id='word_1_99' title='bbox 378 2994 611 3100; x_wconf 76' lang='lat' dir='ltr'><strong>explicatur:</strong></span> <span class='ocrx_word' id='word_1_100' title='bbox 650 2995 776 3071; x_wconf 82' lang='lat' dir='ltr'><strong>domus</strong></span> <span class='ocrx_word' id='word_1_101' title='bbox 817 2995 889 3073; x_wconf 83' lang='lat' dir='ltr'><strong>dei.</strong></span> <span class='ocrx_word' id='word_1_102' title='bbox 926 3041 977 3054; x_wconf 89' lang='lat'>-</span> <span class='ocrx_word' id='word_1_103' title='bbox 1027 2997 1154 3095; x_wconf 87' lang='lat' dir='ltr'><strong>Egre-</strong></span> 
     </span>
     <span class='ocr_line' id='line_1_19' title="bbox 178 3133 1155 3235; baseline -0.002 -26"><span class='ocrx_word' id='word_1_104' title='bbox 178 3135 286 3234; x_wconf 90' lang='lat' dir='ltr'><strong>gium</strong></span> <span class='ocrx_word' id='word_1_105' title='bbox 320 3145 379 3210; x_wconf 87' lang='lat' dir='ltr'><strong>est</strong></span> <span class='ocrx_word' id='word_1_106' title='bbox 414 3135 635 3234; x_wconf 85' lang='lat' dir='ltr'><strong>exemplum</strong></span> <span class='ocrx_word' id='word_1_107' title='bbox 675 3135 782 3235; x_wconf 93' lang='lat' dir='ltr'><strong>quod</strong></span> <span class='ocrx_word' id='word_1_108' title='bbox 810 3149 932 3210; x_wconf 83' lang='lat' dir='ltr'><strong>exstat</strong></span> <span class='ocrx_word' id='word_1_109' title='bbox 965 3134 1008 3207; x_wconf 91' lang='lat' dir='ltr'><strong>in</strong></span> <span class='ocrx_word' id='word_1_110' title='bbox 1039 3133 1155 3208; x_wconf 88' lang='lat' dir='ltr'><strong>Com-</strong></span> 
     </span>
     <span class='ocr_line' id='line_1_20' title="bbox 178 3271 1154 3370; baseline -0.001 -23"><span class='ocrx_word' id='word_1_111' title='bbox 178 3271 376 3347; x_wconf 90' lang='lat' dir='ltr'><strong>mentariis</strong></span> <span class='ocrx_word' id='word_1_112' title='bbox 403 3273 451 3345; x_wconf 92' lang='lat' dir='ltr'><strong>ad</strong></span> <span class='ocrx_word' id='word_1_113' title='bbox 477 3271 607 3347; x_wconf 88' lang='lat' dir='ltr'><strong>locum</strong></span> <span class='ocrx_word' id='word_1_114' title='bbox 633 3275 659 3347; x_wconf 80' lang='lat'><strong>2</strong></span> <span class='ocrx_word' id='word_1_115' title='bbox 684 3272 783 3370; x_wconf 89' lang='lat' dir='ltr'><strong>Rgg.</strong></span> <span class='ocrx_word' id='word_1_116' title='bbox 811 3273 849 3367; x_wconf 82' lang='lat'><strong>3,</strong></span> <span class='ocrx_word' id='word_1_117' title='bbox 875 3273 911 3348; x_wconf 84' lang='grc'><strong>4.</strong></span> <span class='ocrx_word' id='word_1_118' title='bbox 936 3273 983 3364; x_wconf 85' lang='lat'><strong>(1.</strong></span> <span class='ocrx_word' id='word_1_119' title='bbox 997 3272 1084 3348; x_wconf 80' lang='lat'><strong>523.</strong></span> <span class='ocrx_word' id='word_1_120' title='bbox 1099 3272 1154 3366; x_wconf 85' lang='grc' dir='ltr'><strong>Ε)</strong></span> 
     </span>
     <span class='ocr_line' id='line_1_21' title="bbox 179 3408 1156 3514; baseline 0.008 -31"><span class='ocrx_word' id='word_1_121' title='bbox 179 3410 249 3484; x_wconf 92' lang='lat' dir='ltr'><strong>ubi</strong></span> <span class='ocrx_word' id='word_1_122' title='bbox 262 3408 314 3482; x_wconf 90' lang='lat' dir='ltr'><strong>de</strong></span> <span class='ocrx_word' id='word_1_123' title='bbox 327 3432 426 3483; x_wconf 90' lang='lat' dir='ltr'><strong>voce</strong></span> <span class='ocrx_word' id='word_1_124' title='bbox 436 3427 513 3514; x_wconf 52' lang='lat' dir='ltr'><strong>appa</strong></span> <span class='ocrx_word' id='word_1_125' title='bbox 534 3410 713 3512; x_wconf 79' lang='lat' dir='ltr'><strong>princeps</strong></span> <span class='ocrx_word' id='word_1_126' title='bbox 720 3425 914 3513; x_wconf 82' lang='lat' dir='ltr'><strong>postorum</strong></span> <span class='ocrx_word' id='word_1_127' title='bbox 927 3411 1042 3484; x_wconf 84' lang='lat' dir='ltr'><strong>ovium</strong></span> <span class='ocrx_word' id='word_1_128' title='bbox 1067 3427 1156 3506; x_wconf 67' lang='lat' dir='ltr'><strong>(apt)</strong></span> 
     </span>
     <span class='ocr_line' id='line_1_22' title="bbox 180 3536 1156 3647; baseline 0.002 -27"><span class='ocrx_word' id='word_1_129' title='bbox 180 3545 382 3647; x_wconf 88' lang='lat' dir='ltr'><strong>praeclara</strong></span> <span class='ocrx_word' id='word_1_130' title='bbox 408 3536 595 3646; x_wconf 88' lang='lat' dir='ltr'><strong>quaedam</strong></span> <span class='ocrx_word' id='word_1_131' title='bbox 620 3549 795 3647; x_wconf 78' lang='lat' dir='ltr'><strong>profert3</strong></span> <span class='ocrx_word' id='word_1_132' title='bbox 828 3572 969 3646; x_wconf 90' lang='lat' dir='ltr'><strong>nempe</strong></span> <span class='ocrx_word' id='word_1_133' title='bbox 997 3550 1048 3622; x_wconf 90' lang='lat' dir='ltr'><strong>de</strong></span> <span class='ocrx_word' id='word_1_134' title='bbox 1075 3574 1156 3646; x_wconf 89' lang='lat' dir='ltr'><strong>quo</strong></span> 
     </span>
     <span class='ocr_line' id='line_1_23' title="bbox 181 3685 1157 3786; baseline 0.003 -28"><span class='ocrx_word' id='word_1_135' title='bbox 181 3685 271 3759; x_wconf 89' lang='lat' dir='ltr'><strong>loco</strong></span> <span class='ocrx_word' id='word_1_136' title='bbox 305 3686 421 3785; x_wconf 93' lang='lat' dir='ltr'><strong>plura</strong></span> <span class='ocrx_word' id='word_1_137' title='bbox 454 3686 521 3760; x_wconf 88' lang='lat' dir='ltr'><strong>hic</strong></span> <span class='ocrx_word' id='word_1_138' title='bbox 567 3686 762 3761; x_wconf 88' lang='lat' dir='ltr'><strong>disserere</strong></span> <span class='ocrx_word' id='word_1_139' title='bbox 809 3686 1049 3786; x_wconf 71' lang='lat' dir='ltr'><strong>superfluum</strong></span> <span class='ocrx_word' id='word_1_140' title='bbox 1094 3698 1157 3761; x_wconf 89' lang='lat' dir='ltr'><strong>est</strong></span> 
     </span>
    </p>
   </div>
   <div class='ocr_carea' id='block_1_5' title="bbox 184 3821 1157 3924">
    <p class='ocr_par' dir='ltr' id='par_1_5' title="bbox 184 3821 1157 3924">
     <span class='ocr_line' id='line_1_24' title="bbox 184 3821 1157 3924; baseline 0 -26"><span class='ocrx_word' id='word_1_141' title='bbox 184 3823 352 3918; x_wconf 89' lang='lat' dir='ltr'><strong>omnino,</strong></span> <span class='ocrx_word' id='word_1_142' title='bbox 372 3823 552 3922; x_wconf 91' lang='lat' dir='ltr'><strong>quoniam</strong></span> <span class='ocrx_word' id='word_1_143' title='bbox 572 3825 620 3899; x_wconf 87' lang='lat' dir='ltr'><strong>ab</strong></span> <span class='ocrx_word' id='word_1_144' title='bbox 640 3821 844 3898; x_wconf 79' lang='lat' dir='ltr'><strong>Aemilio</strong></span> <span class='ocrx_word' id='word_1_145' title='bbox 864 3824 1157 3924; x_wconf 87' lang='lat' dir='ltr'><strong>Roedigero,</strong></span> 
     </span>
    </p>
   </div>
   <div class='ocr_carea' id='block_1_6' title="bbox 185 3961 1157 4062">
    <p class='ocr_par' dir='ltr' id='par_1_6' title="bbox 185 3961 1157 4062">
     <span class='ocr_line' id='line_1_25' title="bbox 185 3961 1157 4062; baseline 0 -26"><span class='ocrx_word' id='word_1_146' title='bbox 185 3963 272 4037; x_wconf 89' lang='lat' dir='ltr'><strong>viro</strong></span> <span class='ocrx_word' id='word_1_147' title='bbox 298 3962 403 4038; x_wconf 91' lang='lat' dir='ltr'><strong>omni</strong></span> <span class='ocrx_word' id='word_1_148' title='bbox 428 3962 583 4038; x_wconf 92' lang='lat' dir='ltr'><strong>nomine</strong></span> <span class='ocrx_word' id='word_1_149' title='bbox 602 3961 870 4062; x_wconf 83' lang='lat' dir='ltr'><strong>suspiciendo,</strong></span> <span class='ocrx_word' id='word_1_150' title='bbox 891 3962 970 4059; x_wconf 86' lang='lat' dir='ltr'><strong>jam</strong></span> <span class='ocrx_word' id='word_1_151' title='bbox 993 3962 1157 4062; x_wconf 83' lang='lat' dir='ltr'><strong>egregie</strong></span> 
     </span>
    </p>
   </div>
   <div class='ocr_carea' id='block_1_7' title="bbox 0 0 1348 4906">
    <p class='ocr_par' dir='ltr' id='par_1_7' title="bbox 0 0 1348 4906">
     <span class='ocr_line' id='line_1_26' title="bbox 0 0 1348 4906; baseline 0 0"><span class='ocrx_word' id='word_1_152' title='bbox 0 0 1348 4906; x_wconf 95' lang='lat' dir='ltr'><strong> </strong></span> 
     </span>
    </p>
   </div>
  </div>
 </body>
</html>
