2626 4906
967 580 1046 663 aot
1178 682 1181 688 ,

72 811 166 864 care
180 785 312 888 possit,
332 810 378 862 ea
396 809 496 887 quae
514 784 695 889 digniora
715 793 803 865 sunt
816 795 963 884 notatu,
977 789 1047 867 hic

57 951 267 1028 ponamus.
319 924 483 1000 Librum
507 926 753 1002 Deuteromii
778 926 901 1027 igitur
932 927 1047 1005 maxi-

71 1089 136 1141 me
175 1087 264 1137 eum
293 1060 337 1136 in
371 1064 489 1139 finem
514 1088 563 1139 er
588 1064 713 1139 tribus
738 1064 851 1140 libris
875 1065 1047 1142 conscri-

72 1211 184 1302 ptum
210 1225 294 1275 esse
328 1200 444 1294 dicit,
483 1227 535 1276 ne
569 1203 730 1302 pigeret
761 1202 922 1302 ignavos
955 1228 1047 1302 per-

73 1338 234 1437 quirere
260 1338 362 1433 illos,
394 1364 496 1414 nere
522 1339 740 1439 quaerendi
764 1340 877 1445 labor
901 1340 1047 1422 studio-

73 1501 133 1551 sos
146 1478 359 1575 frangeret,
380 1476 603 1576 priusquam
616 1503 716 1577 quae
734 1477 808 1552 sibi
824 1478 1047 1576 quaerenda

72 1613 384 1713 proposuissent,
420 1614 647 1691 invenirent
682 1616 728 1708 (Ι.
756 1616 862 1709 269).
920 1613 1047 1689 Porro

73 1751 339 1826 Rabbinorum
378 1753 595 1828 doctrinam
632 1753 709 1827 hoc
746 1752 904 1828 redolet
944 1777 1045 1826 com-

72 1897 264 1984 mentum,
300 1888 392 1965 Jobi
426 1890 592 1984 librum,
627 1888 762 1964 aviro
793 1889 898 1990 ipso,
937 1890 1048 1988 cujus

72 2051 214 2102 nomen
246 2027 366 2120 ferat,
401 2025 641 2122 inchoatum,
676 2052 697 2102 a
723 2027 833 2102 Mose
869 2031 953 2102 esse
985 2051 1048 2100 re-

72 2176 231 2264 pertum
262 2190 388 2262 eaque
420 2165 560 2258 forma,
603 2191 680 2263 qua
713 2189 818 2240 nunc
851 2163 1047 2258 habemus,
1100 2268 1102 2272 λ

70 2301 324 2402 persolutum.
376 2300 517 2378 Jobum
542 2312 682 2397 autem,
717 2302 773 2377 sic
804 2301 909 2378 enim
935 2325 1048 2399 prae-

72 2439 212 2538 cipere
255 2437 411 2538 pergit,
458 2464 538 2516 non
580 2440 703 2515 solum
741 2437 859 2514 fuisse
900 2427 1048 2537 regem,

72 2602 211 2652 verum
227 2576 468 2650 sacerdotem
482 2576 609 2671 etiam,
629 2577 743 2652 simul
763 2588 805 2650 et
816 2574 1048 2675 prophetam

72 2714 319 2812 eundemque
333 2714 559 2813 putandum,
573 2716 641 2813 qui
657 2715 747 2790 alias
765 2714 788 2790 J
794 2713 911 2789 obab
931 2688 1048 2804 (Gen.

72 2851 134 2928 36.
162 2850 230 2944 33)
258 2851 503 2951 appelletur,
529 2877 643 2950 qnam
668 2851 896 2927 sententiam
921 2861 1050 2923 tamen

72 2987 199 3088 probe
221 2989 299 3086 jam
317 2982 468 3087 'rejecit
493 2987 940 3088 Spanhemiusfflist.
957 2984 1050 3063 Jobi

74 3151 107 3202 c.
128 3127 165 3202 5.
184 3152 223 3225 p.
246 3124 320 3202 137
334 3127 434 3224 sqq).
487 3127 655 3202 Patriam
674 3128 757 3225 ejus
776 3126 913 3202 urbem
933 3124 1050 3199 luisse

73 3264 116 3338 in
140 3275 248 3338 terra
272 3263 510 3339 Math‘nin
535 3265 591 3357 (h.
609 3290 643 3341 e.
670 3271 846 3346 Βατᾶναια
872 3261 1049 3340 chom·

74 3408 190 3478 ment.
218 3426 340 3477 meam
365 3401 490 3478 critic.
518 3428 557 3501 p.
574 3402 655 3497 38),
681 3402 805 3502 posita
832 3428 856 3477 e
882 3401 1046 3500 regione

75 3538 254 3614 Jordanis
282 3539 487 3614 Orientem
512 3566 646 3615 versus
672 3549 807 3616 censet
832 3540 897 3631 (ll.
919 3540 951 3614 1.
976 3540 1050 3634 A).
1100 3538 1102 3548 ’

75 3676 236 3769 Jcsaias,
270 3687 315 3750 ut
339 3678 578 3777 Ephraemus
607 3679 816 3772 existimat,
851 3678 902 3752 de
929 3676 1065 3776 capti-¹

76 3815 198 3890 vitate
221 3815 572 3915 deportationeque
592 3816 763 3892 tribuum
781 3817 851 3892 sub
871 3812 1050 3915 Assyriae

78 3964 120 4031 et
142 3955 383 4056 Babyloniae
418 3956 578 4057 regibus
611 3954 839 4032 vaticinatus
873 3964 953 4047 est,
995 3951 1051 4028 ita
