2626 4906
102 572 104 579 ’
163 621 239 699 roo

161 827 257 903 tatio
283 806 525 928 spiritualis,'
549 825 637 903 veri
662 825 826 902 nominis
862 828 939 922 est,
972 831 1017 902 'ut
1041 828 1136 904 Ori·-

162 964 255 1064 geni
280 990 348 1039 nos
375 965 719 1057 accommodemus,
754 965 1008 1068 tropologico,
1047 967 1136 1041 siue

162 1102 327 1204 tropico,
360 1102 395 1175 si
420 1096 706 1200 chrysostomi,
746 1103 814 1199 qui
840 1104 946 1176 illam
971 1094 1163 1176 formam*

163 1237 316 1311 omnino
334 1238 448 1312 etiam
464 1247 665 1342 ἆλληγορίαν
692 1241 882 1332 vocat²⁴³)·,
904 1240 985 1312 sive
1001 1240 1136 1312 Theo-

163 1374 293 1448 doreti
318 1401 427 1450 usum
451 1388 668 1468 sectemur,
708 1375 777 1472 qui
808 1385 935 1448 tamen
960 1376 1136 1473 typicam

163 1535 183 1581 a
208 1511 360 1611 tropica
384 1513 534 1586 ratione
557 1512 683 1610 probe
702 1511 891 1585 discernit
909 1537 952 1585 ac
972 1511 1135 1606 centies,

163 1648 316 1743 quando
342 1649 505 1722 morales
532 1659 593 1740 et,
633 1673 734 1745 ‘quae
771 1648 820 1720 ad
845 1648 948 1747 piam
974 1648 1135 1722 animam

163 1783 313 1878 valent,
347 1784 553 1859 sententias
581 1784 850 1884 explicaverit,
876 1802 1047 1889 τροητκῶς
1077 1785 1135 1860 in*-

162 1921 375 2018 terpretari
413 1936 456 1996 se
500 1923 718 2019 profitetur.
789 1921 949 1994 Formae
998 1921 1134 2020 igitur,

163 2057 289 2156 primo
316 2066 357 2131 et
383 2059 553 2131 secundo
578 2058 668 2130 loco
695 2057 863 2157 positae,
900 2057 1019 2155 magis
1047 2068 1137 2131 sunt

85 2210 87 2215 “
163 2193 388 2293 prophetici
415 2194 649 2292 argumenti,
675 2206 862 2268 exstrema
889 2194 974 2267 usui
995 2193 1136 2294 populi

166 2342 224 2404 est
250 2331 581 2408 accommodatior.
639 2332 698 2406 Ex
724 2346 797 2428 qua
822 2330 1035 2429 partitione
1060 2331 1136 2405 tria

165 2476 311 2566 genere
368 2477 521 2542 nostrae
579 2468 849 2568 'disputationis
903 2469 1135 2562 extiterunt3

165 2630 282 2679 unum
308 2605 414 2702 quod
440 2604 633 2681 dictorum
658 2616 700 2678 et
723 2606 910 2704 imprimis
931 2605 1136 2680 vaticinio³

165 2756 262 2832 rum,
288 2741 451 2839 proprie
477 2740 533 2814 sic
552 2741 756 2834 dictorum,
772 2742 1137 2841 interpretationem

164 2877 482 2976 Ephraemianam
507 2888 695 2974 sectatum
722 2879 879 2978 typicae
901 2879 1136 2977 interpreta-

165 3014 281 3089 tionis
307 3015 489 3109 alterum,
526 3016 631 3114 quod
664 3017 800 3089 multas
836 3015 992 3113 quidem
1018 3016 1149 3127 habet0

165 3153 344 3252 proprias
382 3177 499 3229 voces
541 3162 583 3226 et
626 3151 920 3252 appellationes;
976 3133 1137 3227 tertium

108 3361 110 3364 ,
166 3288 445 3390 tropologicae.
483 3290 808 3373 Quamobremde
824 3289 957 3388 primo
969 3287 1137 3388 primum

168 3425 383 3527 disputabo.

244 3669 304 3745 38.
358 3673 485 3772 Atque
520 3674 595 3747 hoc
628 3661 877 3746 memorabile
910 3677 989 3764 est,
1032 3669 1138 3768 quod

167 3830 293 3906 prope
321 3834 450 3883 omnes
476 3812 582 3885 locos
609 3813 658 3905 (§.
675 3811 755 3903 30),
783 3808 849 3907 qui
870 3807 1018 3881 classici
1032 3807 1138 3882 inter

176 4043 180 4051 ¹
221 4017 284 4079 24³)
301 4015 337 4071 ad
354 4015 412 4070 Jes.
429 4017 455 4072 ὅ.
474 4015 547 4086 oppa
566 4015 610 4069 eds
628 4013 755 4068 Monte
768 4011 849 4065 felc.
868 4008 922 4067 vl.
940 4012 984 4067 st.
1001 4009 1045 4067 65.
