2626 4906
171 587 224 669 80

172 791 340 894 gentiam
364 809 558 889 nunquam
577 815 734 891 prorsus
757 791 1003 892 abrogarunt
1048 794 1144 872 Ete-

170 926 252 1006 nim
277 928 454 1005 Conoilia
478 929 715 1003 orthodoxae
747 930 841 1004 fidei
872 932 1143 1031 invigilarunt,

171 1093 247 1142 nec
282 1077 407 1141 tutum
439 1077 523 1140 erat
547 1066 626 1139 illis
653 1068 861 1160 aetatibus,
896 1069 1143 1166 quemadmo-

172 1206 264 1279 dum
284 1203 486 1278 Theodori
504 1203 769 1302 Mopsvesteni
787 1206 964 1305 exemplo
980 1207 1142 1284 maxime

171 1342 403 1435 edocemur,
440 1328 634 1440 spirituali
659 1334 728 1415 illa
752 1332 910 1436 relicta,
944 1343 1142 1444 interpre-

170 1464 278 1555 tandi
305 1473 416 1552 aliam
440 1470 543 1553 inire
569 1477 757 1553 rationem
784 1479 826 1552 et
846 1466 994 1555 literali
1018 1483 1142 1557 solunt

169 1616 384 1693 attendere.
434 1616 524 1696 Quo
542 1602 714 1708 accessit,-
741 1604 846 1712 q'uod
865 1616 1141 1717 interpretatio
1169 1632 1174 1641 '

169 1746 400 1853 allegorica,
437 1744 622 1826 in'columi
661 1762 788 1826 tamen
825 1737 973 1828 literali
1013 1771 1141 1852 sensu,

168 1892 319 1968 idcirco
346 1889 461 1964 etiarn
483 1890 709 1964 servabatur
715 1934 728 1983 ,·
768 1876 857 1988 quia
882 1878 926 1964 id
951 1880 1140 1991 temporis

167 2030 234 2105 vel
259 2016 451 2109 haeretici
484 2017 552 2100 vel
583 2015 722 2102 Judaei
747 2018 788 2099 in
815 2015 1140 2126 disputationibus

167 2156 244 2241 suis
270 2154 577 2239 Christianorum
611 2151 799 2262 dogmatis
833 2182 956 2263 usque
983 2166 1139 2241 ostreo-

167 2304 310 2396 tabant,
336 2290 419 2376 sive
444 2301 622 2376 Messiam'
647 2301 816 2374 nondum
833 2301 984 2377 venisse
996 2290 1140 2379 obveia

167 2441 313 2534 tebant,
347 2434 429 2513 sive
463 2445 597 2513 eontra
629 2426 791 2512 Sabathi
822 2438 1000 2538 legisque
1026 2465 1140 2531 cere-

167 2576 340 2652 monialis
367 2565 655 2677 abrogationem
680 2566 892 2670 certabant,
919 2576 1001 2653 sive
1023 2576 1139 2655 Chri·

167 2705 375 2789 stianorum
413 2703 464 2788 de
491 2704 707 2807 Trinitate,
745 2703 933 2812 imprimis
959 2727 1056 2791 veto
1085 2716 1138 2793 de

166 2849 315 2926 Christi
358 2850 489 2924 divina
536 2862 672 2925 natura
716 2840 859 2949 placita
907 2850 1137 2929 irridebant.

164 2990 299 3089 Itaque
317 2986 571 3089 scriptoribus
601 2977 883 3081 ecclesiasticis,
909 2999 953 3061 ut
983 2989 1139 3089 orbjur-

165 3127 383 3231 gationibus
431 3119 512 3201 istis
566 3132 843 3219 occurrerent,
895 3128 1138 3204 commodum

163 3265 249 3358 fuit,
285 3263 409 3338 omnia
434 3290 509 3363 per
534 3263 769 3364 hllegoriam
795 3263 845 3336 ad
870 3260 1068 3340 Christum
1081 3277 1137 3375 'et

164 3401 214 3475 ad
236 3398 384 3474 Christi
404 3393 606 3474 ecclesiam
626 3408 805 3487 contorte
824 3402 987 3479 referres
1034 3403 1136 3479 Ter-

163 3514 260 3617 tium
279 3537 461 3635 denique,
488 3562 559 3612 cur
572 3537 673 3612 illud
690 3539 920 3637 explanandi
940 3565 1062 3638 genus
1071 3565 1134 3617 us-

163 3699 241 3773 que
257 3675 518 3770 recolebatur,
535 3674 576 3748 in
590 3700 637 3749 eo
654 3676 918 3773 quaerendum
934 3687 1005 3771 est,
1026 3679 1133 3777 quod

163 3811 256 3888 inde
274 3811 489 3912 scripturae
508 3836 638 3887 sacrae
659 3811 804 3887 utilitas
823 3812 1054 3889 abundatior
1069 3840 1132 3890 re·

167 3950 342 4026 dundare
368 3949 418 4024 ad
440 3949 579 4051 populi
604 3947 884 4055 institutionem
909 3950 1033 4061 visum
1059 3962 1128 4031 est.
