2626 4906
855 627 905 728 p
1058 606 1137 684 aas

241 815 302 894 51.
331 816 518 898 Quartum
545 821 615 908 est,
641 821 686 891 ut
717 820 946 916 exponatur,
972 840 1131 917 quomo-

165 955 217 1028 do
245 955 365 1028 verba
398 955 598 1031 Versionis
633 953 831 1051 simplicis,
858 958 1049 1055 tamquam
1075 954 1136 1030 in-

144 1070 305 1166 ¹usitata
331 1117 375 1165 ae
414 1093 566 1191 prisca,
593 1091 819 1164 reddiderit
845 1093 1064 1191 apertiora,
1091 1092 1136 1168 in

165 1231 305 1328 quibus
332 1230 572 1328 explicandis
598 1229 703 1302 haud
739 1228 828 1303 raro
855 1230 1136 1328 ipsehaesisse

164 1366 335 1443 videtur.
415 1369 503 1447 Quo
551 1376 679 1440 autem
723 1363 766 1439 in
808 1391 982 1464 genere,
1019 1393 1137 1468 quum
1182 1462 1185 1467 ‚

163 1505 295 1597 multa,
321 1504 389 1577 vel
415 1504 462 1577 ab
489 1501 586 1596 aliis,
620 1502 801 1578 nimirum
828 1528 849 1576 a
880 1504 1137 1580 Michaele

162 1643 212 1715 ad
238 1640 459 1733 Castellum,
487 1639 879 1743 Rosenmtilleru
903 1640 946 1714 in
966 1639 1137 1715 Scholiis

162 1778 212 1854 ad
238 1778 501 1871 Ezechielem,
527 1778 815 1875 Roedigero
842 1740 882 1851 el
914 1777 1137 1868 Wisema-

162 1941 222 1989 no
248 1915 292 1988 in
317 1915 429 2003 libris
463 1915 551 1988 satis
584 1914 706 2007 notis,
733 1914 800 1987 vel
835 1939 856 1988 a
894 1941 956 1988 me
983 1914 1068 2014 ipso
1094 1915 1136 1989 in

161 2050 494 2128 commentatione
519 2051 676 2143 critica,
691 2053 770 2148 jam
796 2049 885 2125 satis
912 2051 989 2126 sint
1015 2076 1137 2151 expo·

138 2185 248 2283 sita,
275 2215 320 2263 ea
346 2200 504 2281 tantum,
530 2214 629 2285 quae
658 2189 886 2286 explicanda
913 2189 1039 2263 adhuc
1067 2214 1136 2262 no-

162 2329 223 2402 bis
251 2337 341 2400 sunt
366 2326 517 2417 relicta,
543 2325 611 2398 vel
636 2325 677 2397 in
703 2324 843 2422 quibus
878 2325 1004 2398 adhuc
1030 2327 1137 2424 plus-

163 2467 294 2540 culum
321 2475 380 2538 est
406 2460 568 2560 negotii,
594 2459 660 2535 hic
686 2461 910 2536 notabimus.
926 2463 1012 2540 Gen.
1027 2462 1137 2558 6,16.

163 2765 309 2821 chaelis
326 2765 361 2819 ad
379 2766 473 2823 Cast.
491 2785 522 2838 p,
540 2771 600 2826 710.
618 2767 680 2823 Jam
697 2785 765 2824 uero
776 2742 828 2824 elsi
840 2768 870 2824 in
880 2767 995 2824 eundem
1002 2785 1137 2836 errorem,

162 2874 244 2937 cujus
261 2869 365 2942 Syrum
377 2872 470 2938 arguit
487 2871 826 2939 Michaelis,lapsum
833 2873 962 2927 videmus
976 2872 1138 2944 Polychro-

160 2974 239 3033 nium
269 2974 298 3027 in
322 2974 427 3026 Comm.
456 2973 491 3026 ad
523 2973 542 3028 l.
570 2973 601 3039 l.,
626 2972 655 3026 in
683 2972 788 3041 Script.
814 2984 869 3029 vet.
905 2992 980 3028 nova
1003 2976 1077 3029 con.
1103 2975 1139 3028 ed

159 3077 193 3131 M
203 3094 219 3130 a
223 3076 253 3144 ji
270 3076 303 3131 T.
323 3077 348 3130 1.
366 3094 394 3144 p.
415 3080 483 3141 133,
502 3076 550 3130 ubi
569 3077 638 3130 haec
655 3086 749 3130 notata
766 3075 910 3131 invenies:
931 3079 1052 3146 φελμονὶ
1067 3069 1133 3131 ὅνο-

160 3199 202 3249 μα
220 3179 294 3232 ἔστὶν
312 3177 420 3248 ἀγγέλῳ
438 3174 490 3248 ὅτῳ
509 3178 540 3232 δὲ
557 3184 619 3246 τινί,
638 3190 727 3233 tamen
745 3179 874 3255 equidem
896 3181 1003 3248 nescio,
1023 3196 1057 3233 an
1076 3178 1135 3252 Sy-

160 3300 209 3338 rus
227 3283 330 3349 injuria
348 3282 533 3348 vituperetur,
552 3300 635 3350 quum
645 3283 674 3336 in
684 3278 914 3352 interpretatione
925 3286 995 3350 ejus,
1005 3282 1136 3336 hebraeis
1223 3341 1225 3347 f

160 3403 243 3454 quam
260 3385 467 3439 accuratissime
485 3386 622 3457 adaptata,
640 3388 747 3440 nullum
760 3386 1137 3455 erroris,cujusaccusatur,

159 3488 307 3557 uestigium
327 3488 461 3556 reperias.
503 3489 616 3543 Constat
634 3488 734 3554 etiam,
752 3506 853 3543 vocem
873 3487 991 3565 umbe,
1011 3490 1140 3556 quamvis

159 3591 304 3660 plerisque
312 3590 454 3644 Aramaeis
462 3591 593 3659 ignotum
603 3592 696 3658 suerit,
714 3591 778 3645 aliis
795 3599 884 3644 tamen
900 3591 1138 3662 praeclareluitse

159 3693 332 3748 intellectum
350 3702 378 3746 et
397 3693 543 3759 usitatum3
561 3697 616 3748 hoc
633 3695 707 3748 enim
725 3693 847 3747 efficitur
865 3693 910 3759 iis,
930 3681 1001 3763 quae
1019 3695 1138 3748 Theo-

159 3797 319 3851 doretus
337 3797 584 3866 protulitadillum
615 3796 742 3852 Danielis
752 3800 856 3854 locum:
886 3793 926 3860 Τὸ
937 3798 1059 3869 melum
1084 3791 1141 3851 ,τόν

159 3903 224 3954 ’τινα
244 3904 372 3970 σημαίνει
390 3886 421 3974 τῇ
446 3886 820 3975 ἕλ).ἆὸιφωνῇ·μαρτυρεῖδὲ
843 3895 932 3960 tritum
948 3884 1020 3967 tulli
1037 3888 1139 3971 Σῦρων

159 4005 242 4074 (puri
258 3998 431 4073 γεἰτνιᾶζθσά
447 4005 479 4077 τῇ
496 4001 603 4078 inquld.
