2626 4906
168 584 222 680 6'4'

170 831 255 884 esse
262 813 280 902 ῥ’
302 787 423 906 'duod'
441 793 677 882 ludaeorum
700 795 920 901 ¹exemplum
945 800 1153 877 imitireu»

111 1042 115 1048 Ι
169 956 245 1020 tur.
298 943 407 1024 Quid
442 942 564 1036 enim,
603 939 708 1039 quod
740 939 900 1039 'plurimi
932 938 987 1014 'de
1019 939 1145 1014 iuter-

168 1079 360 1179 p'retibus‚
386 1078 467 1178 qui,
493 1066 567 1152 etsi
592 1076 791 1176 duplicem
806 1100 955 1151 sensum
973 1076 1013 1150 in
1030 1076 1149 1152 libris
1172 1171 1181 1190 ι

169 1217 286 1292 sacris
313 1216 460 1315 ubique
486 1216 612 1291 inesse
637 1216 860 1308 voluerunt,·
886 1225 1014 1289 tamen
1030 1239 1145 1312 quam

50 1437 51 1440 Ἴ
168 1353 357 1454 plurimos
396 1354 523 1449 locos,
569 1353 653 1429 sive
692 1352 740 1427 ab
759 1352 862 1427 *aliis
901 1350 968 1426 ad'·
988 1351 1145 1427 literam

168 1491 325 1565 omniuo
350 1490 574 1566 intellectos
612 1490 696 1565 sive
731 1490 779 1564 ab
813 1488 913 1564 aliis·
930 1489 1144 1564 secundum

83 1716 85 1720 Α
167 1606 384 1728 proximum
409 1628 560 1702 sensum
585 1628 635 1700 ad
659 1627 894 1702 ludaeorum
910 1630 1152 1726 synagogam.

167 1775 210 1839 et
235 1763 460 1840 sublimiori·
492 1775 639 1837 tantum
670 1764 821 1838 ratione
855 1756 926 1836 ad'
942 1762 1142 1838 Christum

168 1902 333 1997 relatos,
367 1927 446 1976 uno
461 1914 612 1976 ortano
637 1925 752 1974 sensu
777 1900 828 1973 ad
853 1898 1050 1974 Christum
1075 1925 1147 1974 res

167 2039 345 2113 uderunt
368 2039 536 2131 omnino,
563 2037 660 2136 quid
684 2037 819 2137 igitur,
842 2037 950 2135 quod
961 2038 1004 2111 hi
1016 2038 1149 2137 gram-2

52 2215 55 2220 ·
165 2174 341 2248 maticam
372 2156 478 2248 illam
514 2183 555 2248 et
588 2172 810 2249 historicam
835 2175 1051 2273 scripturae
1084 2201 1142 2250 sa-

167 2335 258 2386 crae
285 2311 537 2412 exponendae
564 2310 753 2398 rationem
787 2311 987 2410 appellare
1005 2311 1143 2410 judoi-

167 2473 247 2522 oom
270 2445 469 2523 solebantl
527 2449 700 2545 Namque
726 2448 780 2522 ita
798 2448 931 2546 ‘ipsum
956 2447 992 2523 T
992 2449 1143 2524 heodo-

166 2596 295 2660 retum
321 2585 446 2685 egisse
472 2585 660 2679 videmus,
685 2585 762 2659 ubi·
780 2585 983 2660 Theodori
1008 2587 1142 2687 Mops-

166 2720 319 2797 vesteni
343 2722 583 2821 aliorumque
608 2721 965 2822 interpretationes,
989 2733 1031 2796 at
1049 2748 1147 2823 supa

165 2866 300 2956 presso
327 2858 482 2934 nomine
507 2859 688 2959 castigat,
730 2860 1054 2959 quemadmodum
1076 2861 1142 2936 im

166 2994 270 3089 fra‚'·²
285 2995 318 3070 si
342 2995 394 3071 de
422 3021 489 3091 ea,
527 2992 603 3095 qua
628 2996 866 3117 Eplrraemus
892 2998 934 3071 in
959 2997 1142 3075 Messiam

165 3133 348 3208 vaticinia
382 3131 663 3234 interpretatus
695 3134 763 3229 sit,
800 3134 974 3229 ratione,
1010 3159 1139 3211 sermo

165 3269 255 3363 erit,
282 3254 476 3369 exemplu
510 3272 746 3347 luculentius
792 3271 1137 3372 comprobabimus.

165 3404 272 3486 Quid
297 3403 444 3504 igiturl
488 3406 729 3481 ‘Historicam
754 3409 1066 3507 honorationem
1087 3433 1138 3485 ex

159 3541 315 3638 judaica
354 3540 560 3641 disciplina
599 3569 682 3619 esse
722 3557 848 3620 natam
866 3616 868 3620 ,
885 3571 1069 3644 eamque,
1108 3571 1136 3622 a

162 3678 292 3752 multis
327 3677 485 3777 quidem
520 3704 608 3755 cum
652 3681 845 3781 spirituali
885 3682 1134 3782 compositam

110 3840 118 3858 ·
163 3814 267 3914 apud
293 3814 427 3914 Syros,
452 3816 569 3890 hosa
595 3817 751 3893 ludaeis
777 3819 852 3894 sibi
878 3845 960 3895 esse
985 3829 1134 3894 mutua·

162 3961 233 4046 tos,
260 3916 500 4028 num-minus
525 3953 600 4030 tibi
618 3955 811 4032 credibile
830 3957 999 4053 videtur,
1019 3983 1134 4057 quam
