2626 4906
983 542 1035 622 75

55 761 192 830 *totum
221 755 298 828 hoc
331 777 452 851 genus
484 762 742 854 comparatum
767 751 925 854 quidem
951 777 1034 831 esse

67 894 118 968 ad
142 918 230 967 usus
264 893 404 992 populi
437 894 597 991 ejusque
625 892 920 987 institutionem,
960 918 1035 968 nec

67 1042 196 1104 tamen
222 1055 304 1104 esse
317 1029 480 1129 proprie
501 1031 787 1130 interpretandi
806 1057 939 1132 genus,
966 1034 1037 1107 sed

68 1167 456 1242 accommodationem
475 1169 603 1268 potius
616 1169 774 1245 Veteris
784 1169 1035 1263 Testamenti,

69 1303 118 1378 ad
145 1329 190 1378 ea
216 1304 441 1378 illustranda
481 1316 521 1379 et
553 1306 660 1404 quasi
694 1308 911 1381 exornanda
937 1333 1036 1407 quae

69 1441 118 1517 de
145 1441 302 1517 Christo
329 1443 595 1540 proferuntur.
660 1443 809 1524 Quodsi
841 1444 1037 1544 igiturex
1097 1419 1100 1425 .

68 1579 227 1656 Cosmae
253 1578 406 1671 verbis,
444 1605 542 1678 quae
569 1581 785 1680 aperuimus
813 1593 853 1655 et
876 1594 927 1655 'ex
953 1582 1036 1655 aliis

67 1717 185 1813 lociS,
236 1716 375 1816 quibus
423 1742 547 1791 novae
591 1719 839 1793 oeconomiae
883 1719 1036 1792 umbras

68 1857 286 1954 figurasque
330 1844 509 1952 quaerit,
547 1854 673 1930 veluti
714 1854 756 1928 in
793 1854 1036 1930 tabernaculi

69 1992 320 2092 expositione,
355 1992 406 2064 de
432 1991 600 2066 Diodori
623 1993 806 2067 methodo
832 2017 919 2065 cnm
944 1991 1032 2064 Er-

69 2129 237 2203 nestio
259 2128 430 2226 judicari
455 2128 562 2221 licet,
588 2129 663 2202 hoc
686 2130 878 2204 dumtaxat
896 2126 1034 2226 largiri

69 2274 218 2366 potest,
257 2291 346 2340 eum
388 2290 475 2340 cum
515 2266 725 2340 Theodoro
760 2267 1037 2366 Mopsuesteno

69 2403 261 2496 statuisse,
316 2401 454 2496 deum,
502 2403 571 2501 qui
605 2403 729 2477 omnia
753 2403 1036 2495 moderaretur,

68 2541 229 2616 salutem
254 2539 369 2614 etiam
393 2566 468 2639 per
492 2538 690 2614 Christum
718 2540 829 2614 nobis
854 2564 1035 2639 reparan-

68 2678 153 2752 dam
175 2678 254 2774 jam
280 2677 326 2750 ab
352 2676 466 2752 initio
492 2679 596 2776 apud
620 2703 662 2752 se
688 2677 950 2768 constitutam,
994 2674 1038 2749 in

68 2838 261 2914 synagoga
288 2823 425 2888 vetere
450 2823 638 2912 tamquam
663 2813 892 2888 christianae
919 2836 1036 2886 oeco-

67 2951 165 3026 miae
191 2951 460 3044 fundamento,
495 2975 764 3050 praeparasse,
791 2976 839 3024 ex
866 2975 942 3048 quo
968 2975 1036 3023 ne-

69 3112 177 3163 cesse
204 3094 316 3181 esset,
341 3087 571 3187 scripturam
595 3105 749 3180 sacram,
786 3111 884 3184 quae
911 3084 1036 3159 omnia

66 3305 327 3322 -ηι-ιι-

70 3426 223 3511 ἁρμόζοντα
240 3433 272 3508 τῇ
293 3430 425 3487 ὐποθέσει
447 3429 538 3486 αὐτῶν
560 3416 702 3498 {Stichos
729 3419 789 3484 οἷον
813 3421 924 3496 include
946 3425 993 3479 καὶ
1019 3387 1036 3480 d

68 3532 205 3613 μακάριος
219 3538 331 3597 Παῦλος
352 3533 401 3605 τὴν
420 3537 521 3611 χρῆσιν
537 3536 679 3593 Μωυσέως
699 3529 747 3601 τὴν
764 3533 795 3587 ἐν
812 3535 849 3601 τῷ
865 3532 1034 3605 Δευτερονο·

66 3645 122 3710 μίῳ
146 3636 310 3708 μεταβαλὼν
331 3641 370 3699 εἲς
391 3635 440 3707 τὴν
460 3637 536 3692 ἰδίαν
557 3631 694 3690 ὑπόθεσιν
720 3637 812 3700 (Rom.
838 3639 884 3700 1⁰,
908 3639 933 3692 6.
969 3633 1034 3688 coll.

67 3742 149 3797 Deut.
168 3749 212 3810 30,
232 3747 276 3807 12)
295 3777 328 3787 -
345 3776 378 3787 -
401 3735 583 3816 μεταφράσας
607 3735 656 3807 τὴν
668 3741 771 3814 χρῆσιν
788 3733 826 3797 ὥς
842 3733 982 3812 ἀρμοδίαν
998 3737 1037 3796 εἰς

67 3841 202 3915 ιήνίδίαν
217 3841 361 3901 ὑπόθεσιν.
397 3845 465 3899 Cum
482 3843 526 3898 his
543 3860 610 3898 vero
629 3843 713 3910 plane
731 3841 898 3897 conveniunt
913 3857 947 3894 ea
965 3854 1038 3907 quae

69 3950 216 4020 professus
232 3958 274 4006 est
290 3947 455 4004 Theodorus
473 3946 699 4014 mopsuestenus.
