2626 4906
979 671 983 679 Ι
1089 514 1179 640 nx

159 783 226 854 ret
254 776 312 870 ¹⁸).
364 775 492 874 Atque
519 773 665 868 erbis,
703 797 802 875 quae
830 773 947 849 modo
972 771 1065 869 dixi,
1097 778 1141 850 et

159 916 193 990 si
238 911 462 988 universam
511 911 722 1012 Ephraemi
771 911 1141 1013 interpretationum

159 1051 337 1126 habiturn
356 1061 396 1124 et
415 1051 588 1125 colorem
604 1039 924 1143 consideraveris,
940 1051 1018 1147 jam
1035 1048 1140 1127 veri·

160 1189 398 1277 simillimum
412 1213 495 1262 esse
510 1187 643 1279 debet,
662 1187 922 1286 Ephraemum
944 1187 1141 1262 maximam
1242 1284 1247 1298 1

160 1351 251 1402 suae
281 1351 414 1400 rerum
440 1322 625 1399 scientiae
660 1334 703 1398 et
730 1323 962 1399 eruditionis
988 1331 1143 1423 partem

159 1464 198 1538 in
212 1462 456 1538 Judaeorum
476 1461 759 1536 consuetudine
785 1460 860 1536 sibi
887 1482 1139 1560 comparasse,

159 1599 202 1674 in
230 1624 312 1698 quo
339 1599 442 1688 illud
475 1598 634 1697 quidem
667 1598 776 1696 quasi
806 1599 899 1696 jure
930 1606 1000 1671 tuo
1024 1593 1143 1671 mire·

158 1735 232 1830 ris,
275 1760 353 1834 quo
379 1736 540 1837 tandem·
562 1736 677 1809 modo
703 1737 848 1810 sactum
874 1735 942 1829 sit,
986 1743 1031 1809 ut
1068 1730 1142 1810 lin·

161 1898 286 1973 guae·
312 1872 506 1947 hebraeae
553 1872 722 1950 studium
755 1871 873 1971 plane
908 1869 1140 1969 neglexerit.

158 2009 274 2085 Fecit
313 2008 466 2084 scilicet
503 2017 638 2084 noster
682 2032 771 2084 cum
822 2006 908 2083 aliis
946 2003 1144 2084 nonnullis

159 2145 420 2246 scriptoribus
446 2145 730 2241 ecclesiasticis,
763 2144 898 2249 quales
923 2141 1143 2244 accepimus

158 2283 422 2360 Eusebium
447 2260 850 2358 caesareensem
885 2292 934 2358 et
966 2280 1144 2357 Hiero-

159 2445 359 2522 nymum
387 2444 531 2519 eosque
566 2421 609 2494 in
647 2418 1017 2527 mediaxPalaestina
1042 2426 1144 2495 aeta·

158 2547 259 2634 tem
281 2555 473 2656 degentes
510 2568 552 2633 et
589 2583 677 2634 cum
714 2555 874 2633 Judaeis
912 2557 1145 2657 frequenter

161 2697 415 2788 disserentes,
448 2696 582 2793 quales
606 2721 727 2796 porro
754 2693 1147 2795 chrysostomum

164 2835 334 2933 ejusque
369 2831 597 2908 familiarem
631 2833 941 2908 Theodorum
976 2830 1146 2932 Mops-

161 2976 416 3046 vestenurn
443 2969 615 3068 aliosque
633 2971 769 3070 plures
788 2968 1050 3069 cognovimus,
1076 2966 1147 3066 qui

165 3133 187 3181 a
212 3108 377 3206 linguae
404 3106 585 3182 nimirum
609 3107 778 3181 hebraea
803 3106 921 3204 plane
946 3104 1044 3179 nudi
1063 3104 1147 3179 sue·

165 3254 272 3337 runt,
314 3228 541 3342 quamquam
579 3243 629 3317 de
668 3243 910 3342 quorundam
936 3240 1155 3316 verborum

167 3379 457 3479 significatione
481 3380 605 3491 'dubie
630 3356 861 3475 haerentes,
895 3378 1053 3479 linguae
1078 3378 1147 3453 he-

167 3516 314 3592 braeae
340 3516 491 3616 peritos
517 3519 627 3594 adire
649 3519 837 3614 solebant,
863 3519 1003 3616 quibus
1020 3527 1149 3593 tamen

222 3761 270 3822 28)
295 3757 405 3812 Audias
430 3725 515 3814 velim
541 3734 742 3813 Aurelium
767 3758 1041 3813 cassiodorum
1065 3772 1149 3827 prae·

172 3861 278 3916 fantem
296 3870 442 3916 tractatum
467 3878 547 3916 suum
573 3860 609 3915 de
626 3861 807 3916 lnstitutione
824 3861 980 3917 divinarum
997 3860 1149 3926 literarum,

173 3966 206 4022 in
224 3965 318 4035 ejusd.
335 3967 411 4036 Opp.
429 3964 473 4021 ed.
493 3963 655 4021 Geretii.
673 3965 708 4022 T.
726 3954 771 4055 ll:
785 3982 814 4035 p.
832 3969 893 4025 537.
910 3964 1063 4034 principio.

983 4072 1002 4128 2
