2626 4906
252 589 331 677 282

167 852 168 859 κ
219 784 223 797 “
249 804 420 872 scebomur
441 804 563 891 quidem
580 800 714 868 tumooo
729 802 862 884 semine·
878 821 937 870 nec
957 814 1058 892 tomen
1080 807 1232 873 colmere-

250 928 329 993 brmt
356 927 437 1008 sibi,
476 927 729 1012 quemadmodum
754 922 883 1013 serrum
916 928 983 993 luto
1009 930 1136 994 misceri
1163 950 1232 994 mom

247 1057 364 1132 potest.
387 1085 430 1098 -
450 1047 492 1112 In
514 1047 636 1134 quinti,
659 1046 734 1112 sive
755 1045 907 1113 Messiue
928 1051 1037 1135 regni,
1059 1051 1231 1137 interpre-

248 1171 394 1252 tatione,
416 1170 614 1251 longissime
636 1168 772 1254 quirlem
796 1189 817 1231 n
837 1189 920 1234 vero
942 1173 1099 1254 aberrat,
1132 1173 1229 1256 dum,

247 1289 312 1358 sub
329 1292 456 1376 lepide,
479 1291 526 1367 (v.
547 1291 608 1372 34)
630 1311 651 1353 n
672 1310 777 1373 regno
800 1288 847 1371 (v.
870 1291 929 1370 45)
951 1291 1038 1358 mele
1060 1299 1229 1379 sejuncto,

248 1408 382 1480 Christi
403 1432 584 1498 personam
606 1415 891 1495 repraesentatam
921 1432 996 1478 esse
1023 1415 1171 1479 somniat
1194 1422 1230 1480 et
1297 1418 1300 1423 ’

245 1535 404 1624 mysticis
426 1531 762 1618 interpretationibus
788 1531 937 1598 absurdo
958 1534 1092 1599 ratione
1114 1536 1232 1599 indul-

245 1660 312 1742 get.
344 1689 387 1706 -
420 1675 451 1721 o.
474 1654 507 1734 8,
532 1655 584 1719 14.
615 1651 673 1720 Ae
692 1653 762 1716 dies
783 1653 833 1716 bis
854 1652 938 1718 mille
959 1663 1136 1735 trecentos3
1170 1655 1232 1723 his

246 1775 454 1864 respondent
464 1785 595 1858 tempus,
609 1785 750 1854 temporo
758 1784 788 1838 et
795 1774 956 1839 dimidium
962 1779 1112 1856 temporis
1123 1797 1231 1860 supra

246 1899 412 1985 exposita.
446 1895 539 1974 Quia
547 1916 630 1961 vero
642 1897 810 1961 secuudum
821 1897 1074 1978 supputationem
1086 1896 1230 1962 lunarem

245 2029 396 2110 unnim,
414 2015 563 2104 (plenius
586 2028 701 2110 &2³05
721 1998 844 2094 mittan
860 2015 888 2082 I.
905 2017 956 2083 17.
968 2016 1041 2097 D.),
1064 2023 1230 2102 superant

245 2138 320 2207 dies
341 2138 436 2204 mille
458 2143 591 2203 centurn
614 2136 858 2223 qninquaginta
881 2135 1054 2214 (efficiunt
1064 2140 1227 2204 nimirum

244 2259 330 2327 1239
352 2259 452 2341 dies),
475 2257 535 2322 hio
555 2263 672 2326 noctes
696 2258 815 2324 diebus
837 2259 996 2343 adjunxit
1017 2269 1050 2325 et
1068 2260 1227 2345 duplico·

242 2381 295 2446 vit
315 2401 491 2445 numerum
514 2378 646 2445 dierum
669 2381 760 2465 quod
782 2380 819 2444 in
841 2381 1038 2446 recensione
1060 2401 1227 2446 annorum

242 2499 433 2587 neglectum
463 2501 585 2568 fuerat.
649 2500 721 2567 Per
747 2499 815 2564 hoc
846 2501 955 2584 igitur
982 2501 1114 2566 dierum
1146 2522 1227 2586 spa-

242 2623 326 2687 tium
348 2628 549 2708 potestatem
570 2623 607 2686 in
629 2640 688 2686 eos
707 2622 880 2686 exercebit
897 2619 1086 2686 Antiochus
1103 2618 1179 2697 ³³⁷).

244 2788 506 2800 -α-

294 2879 359 2945 337)
377 2877 457 2931 Hanc
474 2856 836 2944 interpretationequnod
853 2873 953 2928 attinet
970 2871 1007 2928 ad
1024 2871 1224 2943 diesduplica-

243 2990 290 3038 tos
308 2980 514 3036 connumeratis
532 2979 672 3044 noctibus,
697 2986 809 3032 tuentur
836 2977 918 3031 etiarn
943 2976 1157 3049 Polychronius
1190 2977 1222 3031 in

240 3087 347 3142 Comm.
366 3085 401 3138 ad
420 3088 499 3150 ult.
518 3081 566 3135 ubi
584 3082 641 3136 vid.
659 3080 751 3148 Maji
768 3089 861 3137 annot.
881 3090 909 3135 et
925 3081 1118 3136 Bleekins
1136 3078 1164 3134 in
1184 3080 1221 3134 li-

239 3191 311 3245 bro:
329 3190 474 3256 ssbrotog
490 3186 564 3252 titire
588 3185 781 3250 3etttdrrtft.
798 3183 854 3238 ed.
878 3182 1217 3252 Schleiermacher,

239 3293 371 3350 Liicke
388 3301 416 3347 et
433 3291 475 3346 de
492 3291 641 3355 Wette,
659 3289 726 3344 fasc.
743 3290 770 3344 2.
789 3304 818 3357 p.
836 3291 897 3345 29⁰.
