2626 4906
985 605 1060 683 101

88 803 205 878 modo
226 803 350 901 justus
375 802 459 881 sive
491 802 734 906 demiurgus,
772 816 812 883 at
847 834 942 886 vero
975 812 1060 908 ille,

88 939 156 1037 qui
183 963 225 1014 se
251 938 409 1016 Christo
433 967 502 1017 suo
529 944 760 1039 revelasset,
798 944 873 1021 nisi
907 949 1059 1023 revela-

88 1076 204 1151 tionis
237 1077 388 1153 ratione
421 1078 580 1176 quidem
610 1106 690 1156 non
720 1081 768 1156 ab
794 1106 844 1156 eo
870 1083 1059 1180 diversus,

87 1223 277 1312 tamquam
301 1215 424 1290 bonus
446 1227 487 1291 et
507 1216 707 1317 perfectus
727 1219 944 1316 putabatur.
984 1222 1059 1297 Ita·

86 1374 164 1447 que
191 1351 374 1447 ostendit,
399 1377 517 1428 unum
542 1363 689 1429 tantum
714 1379 798 1429 esse
821 1356 890 1457 qui
909 1369 949 1431 et
967 1383 1059 1457 per-

85 1487 212 1562 fectus
239 1497 281 1562 et
317 1489 440 1565 bontas
466 1501 508 1566 et
528 1491 654 1590 justus
679 1492 816 1568 haberi
840 1493 961 1593 possit
987 1495 1058 1588 ¹⁴⁵),

85 1607 278 1722 uniusque
297 1625 451 1702 consilii
469 1626 821 1728 providentiaeque
834 1629 923 1725 Dei,
939 1630 1058 1706 rebus

84 1760 259 1836 humanis
294 1763 590 1863 prospicientis,
629 1765 794 1865 vestigia
837 1766 879 1841 in
918 1746 1057 1842 vetere

85 1923 268 1998 novoque
281 1898 526 1976 Testamenta
543 1900 611 2002 pie
626 1903 800 2000 agnoscit
813 1904 879 1997 ¹⁴⁶).
912 1903 1060 1979 Eorum

84 2034 232 2110 deinde
248 2035 549 2138 objurgationes,
577 2035 646 2135 qui
664 2048 872 2132 autument,
892 2039 1058 2138 plurima
1093 2042 1112 2075 ⁸

85 2196 186 2271 quae
211 2172 299 2247 Deo
331 2199 489 2274 prorsus
520 2173 681 2274 indigna
711 2174 806 2270 sint,
845 2175 888 2250 in
919 2158 1059 2250 vetere

83 2308 335 2384 Testamenta
368 2311 583 2406 contineri,
620 2321 664 2386 ut
694 2306 869 2405 refellat,
910 2313 1058 2406 asserit,
1095 2416 1097 2418 Ι

123 2620 254 2686 ·1t5)1n
277 2619 373 2694 hymn.
391 2621 426 2676 at
450 2619 499 2673 ubi
523 2580 678 2674 diaroioais
705 2617 868 2686 opinionem
892 2618 928 2672 de
955 2615 1058 2671 veteris

84 2723 258 2780 Testamenti
275 2721 439 2791 imperfecto
457 2721 521 2788 deo,
540 2738 621 2789 quera
639 2722 818 2790 peregrinum
835 2731 915 2776 vocat
930 2720 1058 2789 Ephrae·

84 2830 155 2894 naua
171 2826 275 2881 acerbe
291 2834 378 2891 mat,
400 2823 445 2878 his
462 2822 532 2893 ipsis
549 2821 645 2878 verbis
661 2833 704 2878 est
720 2826 838 2892 loquens
856 2825 908 2887 (ll.
927 2828 987 2880 aas.
1005 2824 1059 2884 Et:
1080 2848 1082 2852 ·

87 2932 165 2990 vm
182 2931 266 2984 bonas
284 2936 339 2995 ert,
360 2931 455 2997 justas
477 2926 565 2981 etiarn.
608 2929 643 2980 In
667 2935 728 2992 tua,
754 2929 870 2992 domine,
896 2927 1015 2994 bonitate
1031 2931 1059 2989 et

80 3032 197 3104 jastdia
213 3033 370 3086 adraabrata
387 3037 428 3084 est
443 3029 612 3098 pulchritudo
627 3029 843 3098 perfectissimae
859 3035 920 3082 tuae
934 3034 1058 3081 naturae.

87 3135 190 3192 Paullo
207 3142 272 3189 aute
287 3143 378 3188 autem
396 3134 492 3202 (segur.
511 3132 550 3198 D)
577 3129 665 3186 dixit:
692 3132 843 3186 benedictus
860 3130 907 3197 rit,
934 3129 980 3201 qai
992 3146 1058 3198 prr·

79 3239 179 3307 sectas
197 3225 240 3294 ert'
254 3237 284 3292 in
298 3255 351 3294 aaa
366 3243 473 3319 narra.

137 3375 201 3442 lta)
220 3375 356 3430 Extremo
381 3375 477 3446 hymn.
493 3373 537 3429 11.
562 3371 604 3427 11.
628 3373 689 3430 195.
713 3371 751 3427 A:
778 3369 831 3431 Qui
854 3387 943 3427 aaran
967 3368 1059 3436 gessit

86 3494 169 3533 arcae
199 3478 240 3544 (h.
264 3495 290 3532 e.
313 3476 422 3532 Noaehi
451 3474 576 3544 navigio,
600 3456 720 3550 Νξηξ),
745 3474 805 3544 ipse
830 3476 879 3529 itte
902 3471 1062 3536 aedificavit

88 3582 204 3650 tenplum
217 3577 321 3650 papati.
357 3580 411 3640 Qui
427 3580 515 3633 onnia
529 3580 596 3635 naec
613 3580 720 3633 molitas
737 3585 788 3644 est,
817 3577 957 3631 constitnit
974 3578 1058 3629 ecch·-

89 3682 157 3738 stan
173 3691 301 3738 sanctam.
345 3684 399 3743 Qui
423 3685 533 3738 ordinat
552 3682 770 3752 propagationes
794 3697 880 3735 rerunt
895 3680 1057 3733 naturalium
1143 3722 1145 3726 ,
1230 3688 1233 3694 ·

88 3792 114 3840 et
130 3794 325 3851 creaturarum,
343 3788 411 3840 idem
426 3787 578 3840 nodantur
595 3792 637 3838 est
651 3783 866 3854 propagationes
888 3783 927 3846 (h.
945 3798 970 3836 e.
988 3794 1054 3834 suo-

88 3888 239 3952 oeesiones)
267 3889 457 3958 prophetaram
478 3896 557 3958 atque
580 3887 785 3958 Apostolorum
817 3888 862 3944 At
886 3891 996 3941 aeterna
1020 3883 1051 3936 in
1083 3940 1085 3947 Α

86 3999 220 4048 aeternna
235 3992 387 4048 taediatus
402 3993 441 4048 sit
458 3992 505 4062 pai
519 3992 619 4062 incepit
636 3998 663 4047 st
676 3989 794 4059 perficit.
