2626 4906
271 579 350 660 256

272 789 366 865 (spa
385 782 415 852 1.
438 779 512 850 393.
535 779 576 848 F.
599 781 663 850 312
684 778 730 862 Β)
752 787 787 848 et
807 796 914 852 vastas
939 784 1019 871 ³⁰¹),
1053 790 1114 856 sed
1136 789 1248 858 homi-

271 909 371 973 nibus
402 904 553 968 dolorem
586 908 620 967 et
647 906 852 970 moestitiam
878 927 974 972 suam
1003 912 1172 993 cognitam
1200 915 1249 981 iri

271 1026 391 1106 uoluit,
403 1023 489 1088 haec
511 1024 599 1088 enim
619 1022 688 1088 suit
707 1022 788 1090 finis
800 1026 909 1119 (uuirt)
927 1027 1030 1112 hujus
1039 1034 1191 1098 naeniae.
1204 1059 1248 1084 ..⁶

272 1145 362 1214 Tum
391 1144 502 1230 pergit
529 1145 698 1229 interpres
730 1145 775 1209 ad
802 1148 908 1212 verba
938 1150 975 1211 in
1004 1151 1123 1215 eodem
1144 1172 1249 1219 versu

271 1265 461 1352 sequentia:
480 1261 535 1328 *aar
566 1276 703 1350 prunum
721 1262 832 1351 strips
852 1265 893 1332 sb
907 1261 910 1266 ’
922 1267 989 1334 hoc
1007 1272 1126 1336 modo:
1150 1272 1245 1339 Cou-

269 1388 384 1473 junxit
409 1406 491 1453 vero
519 1385 661 1451 sortium
690 1405 806 1452 casum
833 1408 911 1453 cum
942 1390 1124 1457 sterilitate
1151 1413 1246 1458 mon-

271 1513 367 1576 tium.
411 1508 566 1574 Primum
588 1480 740 1591 quidem,
764 1510 845 1591 quia
872 1511 1012 1596 perinde
1039 1516 1077 1575 ut
1103 1516 1246 1596 montes,

272 1633 303 1696 si
324 1616 423 1716 plaga
443 1628 644 1693 vastationis
673 1628 771 1717 (spus
798 1628 870 1694 Jes.
894 1631 955 1711 3⁷,
986 1631 1043 1710 26)
1065 1639 1245 1716 vexantur,

271 1754 387 1818 nativo
409 1754 530 1815 ornatu
550 1767 613 1813 suo
633 1748 824 1834 spoliantur
843 1770 907 1815 nec
926 1756 1065 1815 arantur
1086 1753 1245 1838 amplius,

271 1876 324 1938 sic
346 1871 468 1936 Saulus
490 1873 629 1953 ejusque
651 1870 777 1933 milites
797 1868 997 1952 fortissimi,
1029 1873 1085 1935 sui
1105 1870 1247 1940 honoris

271 1991 460 2076 insignibus
482 2009 503 2055 a
525 1988 726 2055 Philistaeis
748 1991 853 2071 exuti,
875 1991 1125 2074 ignirniniosam
1147 1995 1247 2058 nudi·

271 2119 375 2177 tatem
395 2111 579 2177 subierant.
623 2109 758 2176 Deinde
780 2130 880 2192 uero,
909 2112 1013 2177 sicuti
1033 2113 1116 2178 belli
1142 2114 1247 2179 duoes

272 2253 387 2298 earum
416 2231 570 2312 urbium,
605 2250 689 2314 quas
722 2229 907 2312 diruerint,
941 2232 1052 2297 solum
1082 2239 1117 2298 et
1146 2255 1247 2319 agros

271 2354 344 2420 sale
366 2353 568 2437 adspergere
589 2351 718 2434 solent,
754 2359 792 2415 ut
812 2354 965 2417 vastitati
987 2359 1021 2418 et
1043 2354 1248 2418 desolationi

271 2476 307 2540 in
329 2478 527 2561 perpetuum
548 2476 758 2553 remaneant,
781 2473 834 2537 sic
854 2473 1025 2556 Davides,
1049 2479 1247 2558 conceptam

273 2615 316 2662 ex
350 2594 445 2658 Sauli
488 2598 522 2657 et
556 2591 760 2656 Jonathanis
792 2597 900 2658 morte
932 2594 1179 2678 aegritudinem
1214 2602 1248 2661 et

272 2731 426 2797 magnam
466 2712 642 2775 tristitiam
682 2710 954 2796 significaturus,
1002 2714 1091 2778 hano
1136 2714 1248 2798 ipsam

271 2855 413 2920 poenam
445 2833 615 2897 montibus
648 2831 791 2899 Gilboae
824 2837 1040 2919 imprecatur.
1078 2869 1116 2882 -
1154 2847 1246 2900 nunu

271 2948 325 3020 'rur
348 2951 452 3019 bruun
472 2953 506 3018 h.
526 2974 555 3017 e.
573 2954 701 3018 occidit
723 2953 845 3021 Saulus
867 2960 901 3020 et
933 2956 1090 3040 clypeum
1113 2959 1187 3040 ejus
1209 2957 1246 3018 in

270 3080 397 3140 terram
420 3077 625 3158 abjecerunt,
648 3077 805 3160 quoniam
826 3095 890 3141 neo
909 3077 1046 3158 justitia
1067 3075 1135 3157 dei,
1159 3094 1245 3159 quae

272 3216 415 3282 poenam
427 3196 822 3279 exigitapeocatoribos‚
842 3217 904 3262 neo
914 3188 1109 3279 philistaei,
1128 3192 1244 3260 hostes

271 3319 398 3398 nostri,
432 3335 566 3409 sacrum
602 3315 712 3379 oleum
746 3317 976 3399 attenderunt,
1021 3337 1088 3402 quo
1123 3321 1246 3389 unctus

271 3438 398 3518 suerat,
429 3435 584 3522 quamvis
613 3436 700 3501 alias
728 3456 768 3502 eo
789 3433 975 3503 honoratus
1000 3432 1064 3515 302)
1093 3442 1128 3500 et
1149 3454 1245 3501 revo-

256 3665 263 3692 ‚
322 3621 386 3688 3⁰1)
411 3622 600 3678 castellus
630 3624 772 3679 annotavit
795 3623 850 3687 (sd.
875 3622 983 3679 Mich.
1003 3641 1031 3694 p.
1050 3626 1114 3689 751)
1139 3638 1245 3715 ηις-ᾳ

272 3739 354 3802 ⁸732·
372 3726 572 3795 prospicienr.“
597 3726 727 3782 Occurrit
753 3723 835 3782 nobis
859 3723 1047 3785 tantummodo
1071 3721 1242 3796 significatio

270 3835 374 3892 uastos,
393 3827 483 3881 inanis
500 3829 524 3884 1.
543 3833 568 3888 6.
587 3830 619 3884 Ε.
639 3835 700 3889 393.
718 3835 744 3889 (i.

320 3933 385 3998 3⁰2)
401 3931 475 3989 Nola
492 3933 607 3987 sornam
624 3934 709 4006 Ethp.
729 3941 854 4018 ffinp',
871 3950 943 4006 quae
959 3932 1038 3990 deest
1053 3932 1129 4004 apud
1146 3931 1240 3990 cast.

172 4092 174 4098 .
271 4033 441 4095 comico.
460 4052 488 4106 p.
506 4039 569 4094 21⁹.
