2626 4906
161 583 214 663 74

162 789 358 867 Christum
407 789 529 866 solum
579 788 844 890 pertinerent,
891 787 1130 890 putaverint,

162 927 481 1028 quemadmodum
499 928 550 1002 de
564 926 718 1022 Basilio,
742 927 974 1026 Ephraemo,
999 927 1131 1002 Theo·

163 1064 302 1139 doreto
329 1073 370 1138 et
395 1062 667 1165 Chrysostomo
693 1073 822 1164 patet,
858 1064 926 1161 qui
952 1089 974 1137 a
998 1064 1131 1138 Theo·

163 1201 262 1276 doro
295 1200 568 1300 Mopsvesteno
606 1210 818 1300 propterea
855 1199 1030 1299 graviter
1067 1224 1132 1274 re-

44 1410 46 1417 .
163 1336 484 1436 darguuntu1·⁹¹).
549 1336 748 1436 Deinceps
780 1361 877 1411 vero
904 1337 1134 1434 comprobat

162 1473 433 1573 Apostolorum
461 1499 606 1548 morem
632 1473 955 1572 Indicopleustes,
981 1472 1133 1572 quippe

163 1608 230 1709 qui
256 1609 427 1710 singulos
451 1610 577 1704 locos,
612 1635 661 1684 ex
694 1610 740 1684 iis
772 1609 925 1710 psalmis
952 1610 1134 1708 deprom-

163 1758 241 1841 tos,
277 1746 345 1846 qui
371 1749 420 1821 ad
445 1746 642 1822 Christum
667 1771 763 1821 vere
789 1771 867 1820 non
892 1745 1132 1844 pertineant,

163 1894 291 1959 tamen
326 1885 375 1958 ad
407 1911 495 1959 eum
532 1882 809 1958 transtulerint.
875 1882 958 1957 Sed
995 1895 1133 1982 aperte

164 2021 292 2114 addit,
327 2020 429 2094 illud
455 2022 502 2094 ab
535 2001 727 2120 hpostolis
758 2044 837 2094 non
861 2014 1004 2095 sactum
1036 2045 1134 2114 esse,

163 2155 237 2230 nisi
271 2166 437 2255 propter
474 2183 606 2232 rerum
642 2167 684 2232 et
716 2150 926 2232 verborum
958 2154 1135 2231 similitu-

163 2292 295 2369 dinem
321 2293 508 2391 quandam
535 2305 575 2368 et
601 2292 892 2393 congruentiam
924 2317 1054 2390 neque
1079 2302 1134 2367 ta-

162 2455 252 2504 men
290 2428 459 2524 idcirco,
512 2430 601 2529 quia
639 2430 790 2530 singula
826 2429 896 2503 illa
931 2429 1044 2504 effata
1085 2431 1136 2506 ad

163 2560 358 2642 Christum
385 2592 481 2641 vere
513 2569 590 2667 jam
629 2592 678 2642 ex
712 2565 869 2664 spiritus
895 2565 1016 2640 sancti
1043 2591 1136 2642 con-

163 2691 251 2778 silio
284 2701 486 2803 pertinere
511 2712 694 2804 putarent
719 2703 774 2798 99).
828 2700 975 2779 Censet
999 2702 1136 2804 igitur,

214 3018 259 3078 91)
277 3013 312 3069 cf.
332 3013 502 3084 praeclaram
520 3013 782 3067 Commentationum
805 3009 842 3066 de
863 3009 1017 3064 Theodoro
1034 3008 1136 3078 Mops-

163 3129 276 3174 vesteno
312 3117 415 3173 veteris
444 3116 612 3171 Testamenti
645 3114 740 3170 sobrie
774 3113 976 3182 interpretandi
1010 3112 1135 3181 vindice,

164 3238 245 3289 quam
268 3220 402 3290 perdocte
426 3219 539 3286 scripsit
559 3219 616 3275 Vir
634 3217 663 3273 S.
682 3219 737 3284 V.,
754 3216 823 3273 mihi
844 3215 982 3299 imprimis
1008 3233 1089 3270 carus
1107 3225 1137 3271 et

163 3324 308 3387 colendus,
325 3324 379 3377 Fr.
396 3323 526 3377 Ludov.
544 3321 718 3385 Siesfert‚
736 3324 765 3375 in
775 3319 926 3375 Academia
934 3328 1030 3373 nostro
1039 3320 1135 3374 Theo·

131 3433 134 3440 '
163 3425 256 3494 logiae
279 3425 443 3492 Professor,
474 3423 615 3492 (Region.
636 3423 680 3477 ed.
704 3439 730 3479 a.
754 3421 1018 3490 Mncccxxvn)
1044 3441 1073 3493 p.
1100 3426 1136 3482 59

162 3536 192 3582 et
208 3531 242 3586 69
261 3527 308 3583 fin.

214 3667 260 3726 92)
278 3664 297 3720 l.
315 3663 334 3720 l.
357 3682 386 3734 p.
404 3667 469 3723 227:
497 3659 549 3719 ὅσα
575 3661 608 3717 at
630 3661 709 3738 ἕτερα
732 3660 861 3732 ἐξέλαβον
884 3663 911 3718 ol
933 3658 1081 3719 ἀπόστολοι
1103 3659 1135 3717 ἐκ

162 3766 219 3822 τῶν
235 3769 371 3838 ψαλμῶν,
398 3765 435 3837 ἐχ
463 3764 500 3829 ὥς
524 3770 562 3828 εἰς
585 3761 685 3821 ἑαυτὸν
708 3771 808 3842 κυρίως
833 3768 963 3841 εἲρημένα
995 3766 1133 3834 ἐξέλαβον,

163 3866 218 3923 ἀλλ’
247 3867 283 3930 ὠς
307 3865 460 3944 ἁρμόζοντα
485 3872 517 3943 τῇ
542 3867 691 3924 ὑποθέοεο9
716 3862 788 3924 οἷον·
816 3869 1074 3943 »διεμερίσατο
1096 3863 1136 3921 ui

161 3967 282 4034 hrainei
297 3971 385 4042 μο’“
405 3975 458 4042 (ps.
475 3977 520 4038 21,
538 3977 566 4036 9)
585 4007 618 4019 -
635 4006 669 4020 -
685 4004 719 4020 .-
746 3972 795 4026 nat
812 3968 866 4028 ὅσα
891 3965 979 4034 τύποις
996 3968 1081 4037 ὅμοια
1098 3967 1135 4030 ὥς
