2626 4906
261 581 341 663 -120

260 789 430 868 diximus
455 813 501 864 ac
524 787 786 867 totum'illum
810 787 960 881 locum,
993 793 1039 862 ut
1063 785 1243 889 apertior

263 938 385 1023 esset,
435 926 622 1026 exemplis
678 926 892 1001 accuratius
937 926 1080 1025 exponi
1123 904 1269 1027 oporss‘

265 1075 354 1144 tere
381 1064 558 1142 arbitrati
583 1088 720 1160 sumus,
746 1089 851 1138 nunc
871 1064 1059 1162 sequitur,
1084 1089 1137 1138 ne
1155 1065 1242 1140 lon-

253 1204 353 1305 gius
378 1174 503 1279 oratio
529 1226 734 1302 progressa
759 1203 952 1295 videatur,
977 1212 1022 1276 ut
1048 1176 1101 1276 de
1120 1226 1166 1276 ea
1182 1229 1242 1298 re,

153 1373 156 1380 ·
209 1406 211 1411 .
265 1367 381 1459 quam
415 1366 581 1416 caussam
619 1340 735 1438 hujus
776 1339 1045 1438 disputationis
1080 1339 1242 1416 alteram

267 1478 508 1572 dicebamus,
539 1476 752 1576 Ephraemi
774 1476 1063 1576 interpretandi
1088 1460 1242 1552 ratione

265 1614 349 1717 ipsa
360 1670 372 1709 ,
413 1615 456 1690 in
488 1614 649 1688 relicuis
691 1614 906 1713 generatim
944 1612 1256 1731 perscribamuu

266 1755 397 1852 Atque
439 1776 487 1826 ox
527 1750 574 1826 iis
613 1750 810 1846 omnibus,
851 1775 951 1848 quae
982 1750 1116 1879 paulio
1152 1759 1243 1826 ante

268 1891 374 1965 dicta
400 1898 499 1983 sunt,
522 1890 600 1986 jam
624 1895 783 1987 oportet
815 1887 1036 1983 existimari,
1066 1897 1243 1964 nostrum

268 2025 312 2106 in
346 2051 413 2102 sua
444 2025 771 2125 interpretatione
805 2024 921 2100 etiam
956 2025 1149 2100 ecclesiae
1182 2052 1245 2101 ra-

267 2162 368 2238 tioni
394 2187 437 2239 ac
462 2163 686 2263 praeceptis
710 2187 844 2262 presse
869 2161 988 2263 fuisse
1004 2158 1243 2241 obsecutum.

268 2299 404 2398 Itaque
440 2299 555 2374 etiam
596 2299 638 2375 in
677 2299 832 2400 scriptis
874 2299 951 2377 suis
993 2300 1245 2399 cognoscitur

195 2531 199 2537 ἥ
269 2437 435 2514 omnino.
489 2437 579 2514 Fuit
604 2437 720 2532 enim,
746 2437 1066 2536 quemadmodum
1084 2437 1168 2514 sive
1196 2439 1245 2512 ab

269 2574 533 2653 Audianorum
548 2574 631 2650 sive
651 2574 698 2648 ab
717 2575 1051 2675 Allcgoristarum‚
1077 2575 1245 2675 proprie

270 2710 327 2795 sic
343 2712 549 2806 dictorum,
567 2682 782 2805 erroribus¹
798 2684 910 2810 uuam
925 2711 1085 2788 maxime
1104 2712 1247 2788 abhor.

269 2847 365 2942 ruit,
388 2846 442 2922 ita
464 2848 684 2948 longissime
703 2849 916 2946 disjunctus
933 2849 980 2923 ab
998 2849 1246 2927 Antiocheno

270 3011 436 3098 genere,
464 2985 571 3089 quod
596 2986 811 3090 cujusmodi
836 2986 879 3062 id
904 2987 1090 3089 temporis
1122 2988 1248 3071 fuerit

269 3124 313 3202 in
338 3124 605 3224 superioribus
628 3124 739 3202 nobis
766 3133 824 3203 est
850 3124 1125 3204 adumbratum.
1164 3125 1203 3204 N
1204 3152 1246 3200 e,

270 3286 349 3359 que
384 3263 485 3335 illud
511 3262 686 3359 quidem,
725 3263 832 3361 quod
864 3261 1153 3362 descripsimus,
1193 3263 1244 3338 li.

269 3395 442 3481 beralius.
472 3398 767 3505 practicumque
805 3387 1020 3500 cogitandi¹
1041 3424 1164 3500 genus
1198 3425 1246 3481 ac

270 3533 460 3628 studium„,
502 3560 579 3632 quo
612 3535 690 3615 illis
730 3539 918 3616 aetatibus
952 3536 1072 3633 omnis
1099 3537 1245 3612 claruit

270 3667 473 3765 Aramaea,
502 3697 661 3772 prorsus
686 3675 907 3774 abnegavit:
944 3683 1090 3768 tamen,
1123 3700 1245 3785 quum

269 3808 510 3895 orthodoxae
520 3811 614 3896 fidei
628 3822 728 3885 esset
740 3792 1011 3919 tenacissimus,¹
1025 3813 1067 3886 in
1079 3812 1244 3914 mystica

269 3943 474 4025 Ecclesiae·
514 3945 577 4022 via
618 3946 763 4023 acriter
805 3950 1007 4052 processit
1068 3950 1242 4027 Primum
