2626 4906
162 579 213 665 10

163 786 269 887 quod
294 783 406 859 nobis
431 780 718 882 proposuimus,
756 781 1007 884 explicando,
1044 811 1136 889 pro.

163 923 402 1027 grediamur..
512 976 513 979 κ

236 1203 277 1282 73.
328 1200 414 1279 Jam
450 1224 567 1297 vero,
606 1205 652 1276 ut
682 1201 733 1277 ad
758 1199 866 1278 aliud
890 1210 1142 1300 transeamus,

163 1341 293 1441 magni
338 1337 525 1417 momenti
574 1339 653 1416 hoc
692 1349 770 1435 est,
820 1339 929 1442 quod
971 1342 1015 1418 in
1051 1341 1139 1444 ipso

164 1479 340 1557 Orientis
366 1480 474 1581 quasi
500 1476 650 1580 gremio
675 1475 795 1578 inque
821 1504 869 1555 ea
893 1477 977 1580 ipsa
1008 1480 1140 1581 regio-

163 1645 236 1716 ne,
279 1645 355 1719 qua
398 1643 463 1694 res
503 1618 547 1694 in
589 1614 703 1693 libris
745 1614 865 1701 sacris
902 1616 1142 1720 descriptae,

163 1755 362 1877 mapimam
386 1754 547 1857 quidem
570 1763 724 1858 partem
748 1761 881 1855 gestae
902 1764 1027 1853 eraut,
1051 1772 1143 1834 ver·-

164 1894 242 1973 sari
268 1894 307 1972 ei
333 1895 510 1997 contigit.
561 1893 736 1997 Namque
760 1892 1003 1994 Euphratem
1026 1893 1144 1970 etiam

166 2042 426 2132 transgressus
489 2032 667 2133 adeoque
723 2030 899 2132 Aegypti
958 2030 1144 2132 regiones

164 2168 402 2271 peragravit
465 2168 526 2246 Ex
561 2194 640 2267 quo
675 2177 805 2246 autem
834 2169 926 2246 fieri
958 2168 1144 2266 debebat,

165 2317 212 2382 ut
236 2307 320 2384 sive
346 2305 399 2381 de
424 2304 663 2408 antiquitatis
700 2305 873 2383 moribus
910 2327 956 2383 ac
981 2331 1143 2384 consue·

165 2445 305 2521 tudine
336 2443 419 2521 sive
439 2445 492 2521 de
521 2446 759 2546 populorum
784 2454 1010 2522 exterorum
1044 2444 1142 2522 reli·

165 2582 349 2684 gionibus
374 2593 416 2659 et
440 2582 553 2659 cultu
576 2581 733 2679 divino,
780 2582 865 2660 sive
891 2583 944 2657 de
969 2580 1151 2683 regionis*

167 2720 331 2820 alicujus
355 2730 510 2815 natura,
549 2719 634 2798 sive
659 2720 712 2795 de
738 2718 895 2796 urbium
919 2718 997 2796 situ
1022 2729 1065 2796 et
1091 2722 1145 2798 de

167 2859 254 2935 aliis
284 2858 400 2957 hujus
439 2858 597 2958 generis
631 2859 749 2940 rebus
784 2866 887 2935 esset
918 2856 1145 2957 disputatio,

61 3006 62 3011 ’
166 2995 384 3075 verissimas
399 3021 515 3096 saepe
531 2995 740 3072 sententias
758 3003 945 3097 poneret·
990 2994 1142 3072 Eodem

103 3150 106 3156 ’
169 3160 266 3212 vero
301 3135 474 3230 accedit,
515 3135 624 3234 quod
663 3133 785 3212 multa
825 3132 942 3209 etiarn
980 3131 1076 3209 inde
1122 3158 1145 3210 a

167 3275 356 3372 majorum
405 3281 586 3373 tempore
635 3269 680 3346 in
729 3267 807 3343 hoc
861 3267 1145 3369 antiquissimae

168 3408 355 3485 historiae
380 3409 534 3486 theatro
559 3405 714 3484 nonnisi
737 3407 966 3483 memoriter
991 3419 1145 3487 servata

169 3557 217 3624 et
241 3546 435 3648 dissipata,
469 3571 492 3624 a
515 3545 695 3648 posteris,
720 3544 790 3648 qui
814 3569 865 3622 ex
894 3546 1057 3645 quadam
1081 3572 1146 3623 re·

168 3684 320 3786 ligioue
347 3709 393 3760 ea
418 3693 672 3780 asservarent,
696 3709 769 3761 ore
786 3684 942 3786 accepit
958 3684 1145 3786 quodque

26 3854 31 3864 ·
169 3823 445 3899 nonnullorum
483 3820 735 3924 antiquissimi
772 3823 962 3923 temporis
992 3820 1145 3900 iustitu-

171 3969 301 4038 toraun
325 3987 371 4037 ac
396 3960 738 4052 consuetudinum,
790 3986 890 4060 quae
926 3961 1052 4039 adhuc
1086 3962 1144 4037 ri-
