2626 4906
965 572 1135 651 ,31

236 774 273 852 7.
329 775 457 871 Nunc,
480 797 547 881 ne
572 729 677 853 foite
701 785 870 878 propter
895 777 1050 853 nimiam
1073 804 1139 854 co-

159 914 264 1016 piam
304 914 573 1012 exemplorum
610 915 733 1015 possit
771 915 937 992 animum
968 884 1140 993 vestium

161 1193 244 1247 δοται
260 1189 461 1262 ἓφεθενημένῳ
480 1184 621 1262 ἀνθρώπῳ
637 1185 671 1242 ἐν
687 1189 725 1258 τῷ
743 1191 808 1258 οἴκῳ
825 1202 870 1245 oa.
896 1222 931 1235 -
959 1189 1087 1244 Alterum
1104 1189 1142 1244 il·

162 1295 214 1373 ‘lud
246 1303 429 1348 commentum
451 1291 486 1345 de
508 1291 753 1355 Nebucadnezaris
779 1309 885 1359 uxore,
918 1310 989 1361 quae
1017 1293 1143 1350 Nitocris

163 1399 368 1468 appellabatur,
392 1395 478 1449 refert
495 1394 579 1449 etiam
597 1396 757 1449 Larcher
774 1395 858 1450 Tabl.
876 1397 1003 1452 chronol.
1021 1397 1143 1451 d'llero·

165 1502 231 1555 dote
249 1500 285 1554 ad
303 1499 353 1554 lib.
372 1497 444 1556 Vll.
463 1515 486 1554 c.
506 1503 566 1556 lto.
590 1480 628 1543 <—
659 1498 784 1555 Quarum
806 1508 925 1567 utraque
947 1516 1014 1554 vero
1037 1500 1141 1567 fabula,
1210 1536 1213 1542 ·

164 1604 239 1659 unde
258 1613 321 1657 orta
336 1598 389 1668 sit,
416 1602 500 1655 facile
524 1612 567 1658 est
584 1602 690 1659 videre.
742 1603 857 1658 Etenim
882 1620 916 1659 ea
937 1601 1047 1658 ratione
1072 1602 1143 1658 inita

164 1707 276 1762 {acilius
302 1722 387 1775 posse
409 1705 549 1775 explicari
575 1706 667 1762 visum
693 1715 751 1773 est,
783 1723 904 1774 quonam
925 1706 1035 1761 taudem
1058 1706 1142 1760 modo

164 1812 268 1865 lactum
292 1818 380 1876 esset,
406 1818 437 1862 ut
459 1810 679 1864 Nebucaduezar
708 1826 824 1878 regnum
849 1826 929 1865 suum
952 1826 1005 1876 per
1027 1810 1142 1878 longum

165 1924 274 1982 septem
309 1928 444 1966 annorum
476 1910 596 1980 spatium
629 1911 780 1977 dimisisset
811 1920 894 1980 atque
924 1911 1015 1966 nihilo
1051 1921 1144 1968 tamen

165 2017 259 2073 minus
281 2024 347 2085 post
371 2014 505 2084 temporis
537 2015 687 2069 decursum
717 2014 818 2069 iterum
843 2027 861 2068 a
892 2015 1039 2072 Chaldaeis
1064 2032 1145 2070 acce·

166 2120 267 2192 pisset.
302 2118 382 2173 Haec
399 2119 496 2173 eadem
513 2117 567 2173 tuit
583 2135 689 2186 caussa,
708 2136 759 2174 cur
776 2117 891 2187 plurimi
908 2118 1075 2191 interpretes
1092 2137 1147 2174 se-

167 2233 262 2292 ptem
279 2222 329 2276 illa
348 2230 506 2288 tempora
523 2223 561 2288 (4,
579 2225 624 2287 13)
643 2239 715 2290 quae
732 2231 809 2276 certo
827 2240 865 2276 ex
880 2222 999 2290 quadam
1011 2223 1148 2277 sermonis

169 2325 350 2394 ambiguitate
373 2341 426 2394 pro
451 2321 552 2379 annis
575 2325 674 2380 haberi
693 2323 810 2392 debent,
837 2326 873 2380 de
898 2324 988 2380 tribus
1012 2325 1092 2380 annis
1119 2334 1148 2380 et

168 2428 295 2483 dimiduo
313 2426 495 2496 intelligenda
511 2444 574 2483 esse
590 2437 755 2486 statuerunt.
786 2427 928 2511 Putabam
945 2429 1028 2495 enim,
1046 2444 1148 2483 annum

170 2533 323 2588 hebraeum
340 2547 378 2607 ex
395 2530 506 2600 vulgari
530 2531 650 2601 quodam
673 2531 859 2588 ratiocinandi
882 2549 936 2588 usu
961 2531 1066 2586 induo
1084 2542 1145 2587 tan-

170 2645 229 2690 tum
261 2644 388 2703 tempora
425 2634 513 2689 dividi
542 2635 654 2689 solitum
681 2635 785 2702 fuisse,
820 2652 877 2704 quo
908 2653 959 2697 ver
990 2635 1090 2690 aestati
1120 2644 1150 2690 et

169 2736 674 2796 auctumnushierniadnumeraretur.
710 2739 760 2794 Sic
777 2738 1011 2810 Ephraemus‚
1028 2737 1150 2793 Theo·
1242 2778 1243 2783 κ

171 2844 326 2897 doretus
344 2839 379 2895 ad
397 2859 424 2898 v.
441 2844 486 2908 Ὦ,
505 2838 779 2916 chrysostomus
798 2843 884 2913 (Opp.
901 2843 1077 2898 ed.Montf.
1095 2843 1151 2900 Vl.

169 2964 201 3016 p.
220 2950 283 3004 227.
301 2945 351 3012 D.)
371 2953 399 2998 et
415 2944 951 3019 PolychroniusapudAngelum
968 2946 1151 3014 Majumad
1199 3014 1201 3022 Ι

171 3069 200 3106 v.
221 3054 265 3107 2⁰.
285 3047 454 3116 quinetiam
471 3048 625 3103 Dereser
644 3048 684 3118 (ρ’.
702 3052 765 3112 tal)
783 3066 840 3102 uno
858 3065 909 3102 ore
934 3048 1060 3102 clamant
1096 3047 1153 3103 Sed

172 3155 239 3208 luce
259 3152 363 3206 clarius
380 3150 418 3206 sit
434 3160 555 3221 oportet,
572 3150 653 3206 istam
670 3150 895 3223 explanationem
912 3138 1063 3205 a'veritate
1081 3151 1154 3204 mul·

171 3266 233 3312 tum
251 3258 415 3312 abhorrere.
467 3255 593 3323 Namque
614 3257 673 3323 jam
696 3272 733 3309 ne
749 3254 806 3309 alia
821 3254 870 3309 hic
886 3255 1063 3320 admoneam,
1089 3253 1153 3323 ipse

173 3359 330 3427 sermonis,
357 3358 407 3428 qui
431 3357 499 3413 libri
527 3357 669 3413 Danielici
695 3357 849 3413 inventoris
873 3367 915 3413 est
937 3358 1071 3427 proprius
1088 3373 1155 3412 usus

175 3463 292 3518 omnino
310 3463 476 3532 refragatur,
493 3480 530 3517 ne
547 3461 619 3517 iilud
636 3479 781 3517 sumamus.
826 3461 933 3517 Scitum
951 3461 1025 3515 enim
1042 3471 1100 3528 est,
1125 3461 1155 3516 in

175 3568 243 3621 loco
261 3566 333 3632 Vll,
351 3570 401 3623 25:
425 3568 533 3636 tempus,
561 3565 640 3631 (duo)
660 3575 778 3634 tempora
796 3567 980 3634 dimidiumque
997 3573 1096 3634 tempus
1114 3565 1155 3618 es·

177 3669 266 3725 ficere
283 3679 339 3725 tres
358 3687 444 3724 aanor
462 3678 487 3724 et
505 3671 654 3735 dimidium,
684 3669 766 3724 sicuti
790 3686 886 3722 omnes
908 3669 991 3721 etiam
1009 3668 1051 3721 illi
1069 3668 1156 3721 inter-

178 3784 274 3845 pretes
292 3775 421 3842 probant.
466 3774 638 3840 Interpretes
662 3772 749 3842 igitur
772 3789 789 3826 a
812 3771 921 3842 seipsi
944 3770 1096 3825 descivisse
1114 3755 1158 3825 vi·

175 3878 297 3948 ¹riantur,
324 3880 374 3945 qui
401 3877 477 3932 illam
499 3876 578 3932 vocis
601 3875 834 3944 significationem
857 3873 929 3959 alias·
950 3876 1071 3944 probant
1087 3873 1157 3928 allas

179 3997 248 4037 vero
266 3990 377 4050 negant.
