2626 4906
985 564 1042 647 89

65 775 258 871 adoleret,
295 798 376 851 non
400 774 663 876 prohibuisset
680 775 743 872 ΑΒ).
821 776 906 852 Jam
942 800 1040 854 vero

64 915 147 1015 ipsa
172 914 301 990 sabula
326 915 431 1013 apud
461 924 634 990 nostrum
669 913 785 990 redit.
850 916 1042 991 Veterem

64 1052 248 1128 nimirum
286 1052 475 1151 quandam
511 1051 761 1127 traditionem
785 1062 851 1128 aut
877 1050 1041 1153 alior'um
1070 1090 1073 1095 >

64 1190 299 1288 scriptorum
323 1182 488 1288 vestigia
513 1200 697 1287 sequutus
724 1193 843 1293 (uffan
862 1190 891 1268 1.
913 1192 964 1267 29
974 1190 1041 1291 C.)

65 1338 241 1423 enarrat,
288 1326 415 1402 Usiam
439 1353 576 1426 regem
601 1328 896 1425 quatuordecim
921 1354 1039 1407 annos

64 1465 268 1564 praeclare
297 1474 389 1537 ante
424 1489 624 1562 regnasse,
665 1491 778 1563 quam
816 1490 947 1543 manns
989 1468 1041 1543 ad

63 1602 273 1676 nefandum
296 1601 444 1677 facinus
468 1602 708 1700 porrexisset
732 1603 777 1697 (l.
792 1603 817 1680 1.
833 1604 1039 1705 regm.D);

64 1737 222 1814 atinde
264 1736 313 1814 ab
345 1749 599 1863 coltempore
624 1749 793 1840 propter
818 1739 931 1816 Usiae
957 1767 1040 1818 sce·

62 1877 198 1952 lestam
225 1876 420 1953 audaciam
444 1901 519 1976 per
545 1877 707 1974 triginta
732 1888 823 1955 octo
842 1902 959 1954 annos
982 1877 1040 1954 vi·

63 2014 191 2090 siones
223 2014 332 2112 quasi
363 2013 509 2090 velatas
534 2014 651 2090 fuisse
678 2014 747 2107 (ib.
775 2045 852 2122 um
871 2043 936 2124 ηπ
955 2044 1047 2111 ³02„
1156 2104 1161 2121 Ι

63 2181 169 2260 mura
189 2171 321 2260 ananan
341 2163 422 2234 bana
437 2169 506 2256 aad
528 2167 629 2245 ratam
649 2154 766 2256 adan)
798 2158 927 2254 neque
953 2153 1039 2254 ipse

62 2289 192 2385 Jesaio
239 2313 315 2389 per
358 2313 472 2365 omne
511 2287 615 2366 illud
656 2302 808 2390 tempus
855 2290 1056 2371 vaticinia,

64 2425 188 2502 edere
213 2424 390 2521 licuisse,
426 2427 537 2526 quia,
576 2427 649 2503 etsi
675 2427 725 2503 ad
750 2451 888 2527 regem
915 2453 935 2503 a
962 2429 1040 2503 deo

62 2564 264 2664 ablegatus
288 2564 436 2660 suisset,
467 2565 579 2670 illum
604 2575 732 2641 tamen
756 2575 886 2643 taxare
913 2562 1040 2641 nollet

58 2704 117 2803 (p.
155 2701 208 2780 32
242 2729 312 2793 aar
330 2713 374 2808 ab,
393 2716 523 2797 asaban
544 2719 675 2798 naaman
696 2731 747 2798 aaa,
762 2704 867 2800 tana)
908 2728 1041 2779 omnes

58 2842 162 2918 rere
199 2838 304 2935 dies,
362 2839 418 2915 sic
458 2809 672 2916 narratieni
711 2842 829 2917 finem
875 2841 1041 2942 imponit

59 2980 117 3080 (p.
148 2977 201 3055 ae
226 2976 303 3072 0.),
340 3003 483 3053 summo
510 2978 648 3053 dolore
676 2977 835 3054 affectus
860 2978 902 3052 an
927 2950 1040 3075 sacca

59 3126 103 3192 et
129 3116 269 3190 cinere
295 3115 441 3191 sedisse
466 3115 516 3189 ad
533 3116 696 3190 mertem
711 3113 824 3191 Usiae
841 3094 1040 3214 usque-'-

59 3253 190 3329 Porro
215 3253 266 3327 ad
298 3255 427 3328 locum
453 3254 597 3330 Ezech.
624 3252 688 3347 28,
716 3253 776 3328 14.
783 3304 798 3346 ,
833 3270 912 3350 quo
948 3276 1040 3353 pro-

59 3392 187 3492 pheta
212 3401 350 3467 contra
374 3390 476 3492 Tyri
515 3416 652 3491 regem
686 3389 912 3503 vaticinium
946 3412 1039 3466 con·

62 3527 206 3623 vertit,
241 3529 443 3606 absurdam
469 3552 559 3604 sane
584 3487 947 3623 sententiaquuiit,
969 3528 1042 3615 jai

64 3667 113 3742 de
140 3665 300 3741 Hirunao
327 3665 395 3765 qui
428 3664 591 3747 Davidis
624 3676 803 3766 tempore
829 3677 1040 3768 regnasset,

113 3977 161 4042 48)
179 3991 207 4031 r.
227 3971 375 4031 Gereuii
393 3976 558 4033 §cenentur
575 3972 635 4031 fiber
651 3977 696 4031 ten
714 3974 803 4040 Seteia
819 3973 844 4029 Ι.
859 3979 883 4031 1.
898 3992 927 4043 p.
937 3979 962 4035 6.
978 3978 1038 4059 254.
