<?xml version="1.0" encoding="UTF-8"?>
<!DOCTYPE html PUBLIC "-//W3C//DTD XHTML 1.0 Transitional//EN"
    "http://www.w3.org/TR/xhtml1/DTD/xhtml1-transitional.dtd">
<html xmlns="http://www.w3.org/1999/xhtml" xml:lang="en" lang="en">
 <head>
  <title>
</title>
<meta http-equiv="Content-Type" content="text/html;charset=utf-8" />
  <meta name='ocr-system' content='tesseract 3.04.00' />
  <meta name='ocr-capabilities' content='ocr_page ocr_carea ocr_par ocr_line ocrx_word'/>
</head>
<body>
  <div class='ocr_page' id='page_1' title='image "./deephraemisyria00lenggoog_0211.png"; bbox 0 0 2626 4906; ppageno 0'>
   <div class='ocr_carea' id='block_1_1' title="bbox 971 604 1052 684">
    <p class='ocr_par' dir='ltr' id='par_1_1' title="bbox 971 604 1052 684">
     <span class='ocr_line' id='line_1_1' title="bbox 971 604 1052 684; baseline 0.049 -3"><span class='ocrx_word' id='word_1_1' title='bbox 971 604 1052 684; x_wconf 88' lang='grc'>197</span> 
     </span>
    </p>
   </div>
   <div class='ocr_carea' id='block_1_2' title="bbox 72 806 1069 2147">
    <p class='ocr_par' dir='ltr' id='par_1_2' title="bbox 72 806 1069 2147">
     <span class='ocr_line' id='line_1_2' title="bbox 75 806 1050 913; baseline 0.005 -27"><span class='ocrx_word' id='word_1_2' title='bbox 75 808 270 913; x_wconf 87' lang='lat' dir='ltr'>quomodo</span> <span class='ocrx_word' id='word_1_3' title='bbox 306 807 523 910; x_wconf 76' lang='lat' dir='ltr'>explanatio</span> <span class='ocrx_word' id='word_1_4' title='bbox 559 806 628 884; x_wconf 88' lang='lat' dir='ltr'>illa</span> <span class='ocrx_word' id='word_1_5' title='bbox 665 807 708 884; x_wconf 94' lang='lat' dir='ltr'>in</span> <span class='ocrx_word' id='word_1_6' title='bbox 742 808 966 888; x_wconf 85' lang='lat' dir='ltr'>universum</span> <span class='ocrx_word' id='word_1_7' title='bbox 999 814 1050 892; x_wconf 85' lang='lat' dir='ltr'>sit</span> 
     </span>
     <span class='ocr_line' id='line_1_3' title="bbox 75 939 1049 1049; baseline 0.005 -26"><span class='ocrx_word' id='word_1_8' title='bbox 75 957 305 1049; x_wconf 84' lang='lat' dir='ltr'>comparata.</span> <span class='ocrx_word' id='word_1_9' title='bbox 368 947 429 1021; x_wconf 78' lang='lat' dir='ltr'>nd</span> <span class='ocrx_word' id='word_1_10' title='bbox 455 956 670 1023; x_wconf 86' lang='lat' dir='ltr'>extremum</span> <span class='ocrx_word' id='word_1_11' title='bbox 695 973 955 1024; x_wconf 80' lang='lat' dir='ltr'>veroeorum</span> <span class='ocrx_word' id='word_1_12' title='bbox 980 939 1049 1028; x_wconf 60' lang='lat' dir='ltr'>voss</span> 
     </span>
     <span class='ocr_line' id='line_1_4' title="bbox 74 1085 1050 1185; baseline 0 -22"><span class='ocrx_word' id='word_1_13' title='bbox 74 1087 216 1163; x_wconf 91' lang='lat' dir='ltr'>luntati</span> <span class='ocrx_word' id='word_1_14' title='bbox 242 1085 491 1179; x_wconf 80' lang='lat' dir='ltr'><strong>rectissimae,</strong></span> <span class='ocrx_word' id='word_1_15' title='bbox 518 1085 586 1184; x_wconf 90' lang='lat' dir='ltr'>qui</span> <span class='ocrx_word' id='word_1_16' title='bbox 608 1085 867 1185; x_wconf 83' lang='lat' dir='ltr'>Ephraemum</span> <span class='ocrx_word' id='word_1_17' title='bbox 885 1113 1050 1183; x_wconf 54' lang='lat' dir='ltr'>accuraf</span> 
     </span>
     <span class='ocr_line' id='line_1_5' title="bbox 74 1224 1049 1327; baseline 0.001 -28"><span class='ocrx_word' id='word_1_18' title='bbox 74 1227 151 1299; x_wconf 91' lang='lat' dir='ltr'>tius</span> <span class='ocrx_word' id='word_1_19' title='bbox 173 1248 413 1321; x_wconf 84' lang='lat' dir='ltr'>cognoscere</span> <span class='ocrx_word' id='word_1_20' title='bbox 436 1224 594 1322; x_wconf 89' lang='lat' dir='ltr'>cupiant</span> <span class='ocrx_word' id='word_1_21' title='bbox 608 1234 815 1322; x_wconf 89' lang='lat' dir='ltr'>nostraque</span> <span class='ocrx_word' id='word_1_22' title='bbox 844 1250 895 1327; x_wconf 72' lang='lat' dir='ltr'>er</span> <span class='ocrx_word' id='word_1_23' title='bbox 918 1225 1049 1326; x_wconf 89' lang='lat' dir='ltr'>dispu-</span> 
     </span>
     <span class='ocr_line' id='line_1_6' title="bbox 74 1361 1050 1458; baseline 0.003 -22"><span class='ocrx_word' id='word_1_24' title='bbox 74 1362 222 1436; x_wconf 76' lang='lat' dir='ltr'>tatione</span> <span class='ocrx_word' id='word_1_25' title='bbox 248 1363 431 1458; x_wconf 88' lang='lat' dir='ltr'>majorem</span> <span class='ocrx_word' id='word_1_26' title='bbox 458 1361 644 1458; x_wconf 87' lang='lat' dir='ltr'>quandam</span> <span class='ocrx_word' id='word_1_27' title='bbox 664 1361 872 1435; x_wconf 83' lang='lat' dir='ltr'>utilitatem</span> <span class='ocrx_word' id='word_1_28' title='bbox 890 1363 1050 1440; x_wconf 84' lang='lat' dir='ltr'>haurire</span> 
     </span>
     <span class='ocr_line' id='line_1_7' title="bbox 73 1490 1050 1597; baseline -0.002 -22"><span class='ocrx_word' id='word_1_29' title='bbox 73 1501 212 1593; x_wconf 88' lang='lat' dir='ltr'>velint,</span> <span class='ocrx_word' id='word_1_30' title='bbox 244 1498 299 1572; x_wconf 90' lang='lat' dir='ltr'>ita</span> <span class='ocrx_word' id='word_1_31' title='bbox 324 1490 470 1571; x_wconf 89' lang='lat' dir='ltr'>rnorem</span> <span class='ocrx_word' id='word_1_32' title='bbox 496 1525 686 1597; x_wconf 77' lang='lat' dir='ltr'>geramuS,</span> <span class='ocrx_word' id='word_1_33' title='bbox 721 1509 766 1572; x_wconf 93' lang='lat' dir='ltr'>ut</span> <span class='ocrx_word' id='word_1_34' title='bbox 793 1497 913 1573; x_wconf 83' lang='lat' dir='ltr'>exiis</span> <span class='ocrx_word' id='word_1_35' title='bbox 940 1500 1050 1594; x_wconf 92' lang='lat' dir='ltr'>locis,</span> 
     </span>
     <span class='ocr_line' id='line_1_8' title="bbox 74 1615 1069 1736; baseline -0.001 -25"><span class='ocrx_word' id='word_1_36' title='bbox 74 1637 215 1736; x_wconf 89' lang='lat' dir='ltr'>quibus</span> <span class='ocrx_word' id='word_1_37' title='bbox 231 1615 454 1710; x_wconf 37' lang='lat' dir='ltr'>&#39;verborum</span> <span class='ocrx_word' id='word_1_38' title='bbox 488 1661 684 1710; x_wconf 89' lang='lat' dir='ltr'>sacrorum</span> <span class='ocrx_word' id='word_1_39' title='bbox 720 1662 871 1711; x_wconf 91' lang='lat' dir='ltr'>sensum</span> <span class='ocrx_word' id='word_1_40' title='bbox 896 1636 1069 1712; x_wconf 49' lang='lat' dir='ltr'>historia</span> 
     </span>
     <span class='ocr_line' id='line_1_9' title="bbox 74 1751 1050 1873; baseline -0.002 -25"><span class='ocrx_word' id='word_1_41' title='bbox 74 1801 162 1848; x_wconf 90' lang='lat' dir='ltr'>cum</span> <span class='ocrx_word' id='word_1_42' title='bbox 184 1784 225 1847; x_wconf 85' lang='lat' dir='ltr'>et</span> <span class='ocrx_word' id='word_1_43' title='bbox 246 1773 533 1872; x_wconf 85' lang='lat' dir='ltr'>grammaticum</span> <span class='ocrx_word' id='word_1_44' title='bbox 553 1751 758 1873; x_wconf 77' lang='lat' dir='ltr'>praeclare</span> <span class='ocrx_word' id='word_1_45' title='bbox 780 1774 1050 1873; x_wconf 84' lang='lat' dir='ltr'>explicaverit,</span> 
     </span>
     <span class='ocr_line' id='line_1_10' title="bbox 72 1910 1050 2008; baseline 0.002 -24"><span class='ocrx_word' id='word_1_46' title='bbox 72 1935 247 2008; x_wconf 80' lang='lat' dir='ltr'>magnam</span> <span class='ocrx_word' id='word_1_47' title='bbox 273 1910 444 2008; x_wconf 91' lang='lat' dir='ltr'>copiam,</span> <span class='ocrx_word' id='word_1_48' title='bbox 480 1910 551 1984; x_wconf 81' lang='lat' dir='ltr'>sed</span> <span class='ocrx_word' id='word_1_49' title='bbox 577 1919 688 1984; x_wconf 87' lang='lat' dir='ltr'>certo</span> <span class='ocrx_word' id='word_1_50' title='bbox 715 1910 882 2008; x_wconf 90' lang='lat' dir='ltr'>quodam</span> <span class='ocrx_word' id='word_1_51' title='bbox 908 1911 1050 1987; x_wconf 83' lang='lat' dir='ltr'>ordine</span> 
     </span>
     <span class='ocr_line' id='line_1_11' title="bbox 74 2046 987 2147; baseline 0.001 -26"><span class='ocrx_word' id='word_1_52' title='bbox 74 2048 310 2147; x_wconf 81' lang='lat' dir='ltr'>dispositam,</span> <span class='ocrx_word' id='word_1_53' title='bbox 338 2049 379 2121; x_wconf 91' lang='lat' dir='ltr'>in</span> <span class='ocrx_word' id='word_1_54' title='bbox 404 2046 509 2120; x_wconf 91' lang='lat' dir='ltr'>hunc</span> <span class='ocrx_word' id='word_1_55' title='bbox 535 2047 679 2122; x_wconf 90' lang='lat' dir='ltr'>librum</span> <span class='ocrx_word' id='word_1_56' title='bbox 706 2048 987 2122; x_wconf 83' lang='lat' dir='ltr'>transferamus.</span> 
     </span>
    </p>
   </div>
   <div class='ocr_carea' id='block_1_3' title="bbox 151 2310 1068 2423">
    <p class='ocr_par' dir='ltr' id='par_1_3' title="bbox 151 2310 1068 2423">
     <span class='ocr_line' id='line_1_12' title="bbox 151 2310 1068 2423; baseline -0.002 -23"><span class='ocrx_word' id='word_1_57' title='bbox 151 2323 212 2400; x_wconf 63' lang='lat'>215.</span> <span class='ocrx_word' id='word_1_58' title='bbox 264 2322 436 2398; x_wconf 89' lang='lat' dir='ltr'>Primum</span> <span class='ocrx_word' id='word_1_59' title='bbox 463 2349 561 2422; x_wconf 84' lang='lat' dir='ltr'>ergo</span> <span class='ocrx_word' id='word_1_60' title='bbox 588 2349 838 2423; x_wconf 85' lang='lat' dir='ltr'>quaeremus,</span> <span class='ocrx_word' id='word_1_61' title='bbox 873 2349 972 2423; x_wconf 84' lang='lat' dir='ltr'>quae</span> <span class='ocrx_word' id='word_1_62' title='bbox 1001 2310 1068 2398; x_wconf 41' lang='lat' dir='ltr'>sitx</span> 
     </span>
    </p>
   </div>
   <div class='ocr_carea' id='block_1_4' title="bbox 72 2459 1054 3657">
    <p class='ocr_par' dir='ltr' id='par_1_4' title="bbox 72 2459 1054 3657">
     <span class='ocr_line' id='line_1_13' title="bbox 73 2459 1053 2556; baseline -0.002 -18"><span class='ocrx_word' id='word_1_63' title='bbox 73 2473 234 2538; x_wconf 84' lang='lat' dir='ltr'>externa</span> <span class='ocrx_word' id='word_1_64' title='bbox 262 2459 635 2536; x_wconf 89' lang='lat' dir='ltr'>Commentariorum</span> <span class='ocrx_word' id='word_1_65' title='bbox 662 2461 781 2556; x_wconf 68' lang='lat' dir='ltr'>ratio,</span> <span class='ocrx_word' id='word_1_66' title='bbox 809 2473 850 2536; x_wconf 88' lang='lat' dir='ltr'>et</span> <span class='ocrx_word' id='word_1_67' title='bbox 872 2462 1053 2536; x_wconf 89' lang='lat' dir='ltr'>nimirum</span> 
     </span>
     <span class='ocr_line' id='line_1_14' title="bbox 72 2599 1054 2701; baseline 0.002 -28"><span class='ocrx_word' id='word_1_68' title='bbox 72 2600 241 2701; x_wconf 84' lang='lat' dir='ltr'>primum</span> <span class='ocrx_word' id='word_1_69' title='bbox 258 2599 624 2698; x_wconf 86' lang='lat' dir='ltr'>interpretationum</span> <span class='ocrx_word' id='word_1_70' title='bbox 656 2599 855 2691; x_wconf 86' lang='lat' dir='ltr'>ordinem,</span> <span class='ocrx_word' id='word_1_71' title='bbox 881 2624 958 2698; x_wconf 89' lang='lat' dir='ltr'>quo</span> <span class='ocrx_word' id='word_1_72' title='bbox 986 2599 1054 2675; x_wconf 90' lang='lat' dir='ltr'>vel</span> 
     </span>
     <span class='ocr_line' id='line_1_15' title="bbox 73 2735 1052 2838; baseline -0.001 -27"><span class='ocrx_word' id='word_1_73' title='bbox 73 2736 294 2838; x_wconf 83' lang='lat' dir='ltr'>spirituales</span> <span class='ocrx_word' id='word_1_74' title='bbox 307 2737 369 2810; x_wconf 86' lang='lat' dir='ltr'>vel</span> <span class='ocrx_word' id='word_1_75' title='bbox 383 2735 592 2810; x_wconf 88' lang='lat' dir='ltr'>historicae</span> <span class='ocrx_word' id='word_1_76' title='bbox 607 2761 689 2811; x_wconf 85' lang='lat' dir='ltr'>sese</span> <span class='ocrx_word' id='word_1_77' title='bbox 704 2737 916 2836; x_wconf 85' lang='lat' dir='ltr'>excipiunt,</span> <span class='ocrx_word' id='word_1_78' title='bbox 928 2737 1052 2811; x_wconf 89' lang='lat' dir='ltr'>consi-</span> 
     </span>
     <span class='ocr_line' id='line_1_16' title="bbox 73 2872 1053 2972; baseline 0.001 -24"><span class='ocrx_word' id='word_1_79' title='bbox 73 2875 265 2948; x_wconf 88' lang='lat' dir='ltr'>deremus.</span> <span class='ocrx_word' id='word_1_80' title='bbox 302 2872 484 2947; x_wconf 90' lang='lat' dir='ltr'>Plurimis</span> <span class='ocrx_word' id='word_1_81' title='bbox 503 2873 543 2946; x_wconf 92' lang='lat' dir='ltr'>in</span> <span class='ocrx_word' id='word_1_82' title='bbox 559 2873 660 2946; x_wconf 88' lang='lat' dir='ltr'>locis</span> <span class='ocrx_word' id='word_1_83' title='bbox 679 2872 733 2946; x_wconf 89' lang='lat' dir='ltr'>ita</span> <span class='ocrx_word' id='word_1_84' title='bbox 752 2873 910 2969; x_wconf 90' lang='lat' dir='ltr'>quidem</span> <span class='ocrx_word' id='word_1_85' title='bbox 932 2899 1053 2972; x_wconf 83' lang='lat' dir='ltr'>agere</span> 
     </span>
     <span class='ocr_line' id='line_1_17' title="bbox 73 3008 1051 3106; baseline -0.002 -21"><span class='ocrx_word' id='word_1_86' title='bbox 73 3008 362 3103; x_wconf 88' lang='lat' dir='ltr'>solet,utinitio</span> <span class='ocrx_word' id='word_1_87' title='bbox 373 3035 523 3084; x_wconf 81' lang='lat' dir='ltr'>sensum</span> <span class='ocrx_word' id='word_1_88' title='bbox 534 3009 733 3084; x_wconf 89' lang='lat' dir='ltr'>verbalem</span> <span class='ocrx_word' id='word_1_89' title='bbox 744 3009 1051 3106; x_wconf 83' lang='lat' dir='ltr'>exquirat,dein-</span> 
     </span>
     <span class='ocr_line' id='line_1_18' title="bbox 74 3119 1049 3247; baseline -0.002 -25"><span class='ocrx_word' id='word_1_90' title='bbox 74 3149 139 3241; x_wconf 89' lang='lat' dir='ltr'>de,</span> <span class='ocrx_word' id='word_1_91' title='bbox 154 3146 269 3221; x_wconf 90' lang='lat' dir='ltr'>sicuti</span> <span class='ocrx_word' id='word_1_92' title='bbox 281 3119 556 3246; x_wconf 82' lang='lat' dir='ltr'>Hieronymus,</span> <span class='ocrx_word' id='word_1_93' title='bbox 572 3147 824 3247; x_wconf 89' lang='lat' dir='ltr'>spiritualem,</span> <span class='ocrx_word' id='word_1_94' title='bbox 838 3146 956 3220; x_wconf 85' lang='lat' dir='ltr'>certis</span> <span class='ocrx_word' id='word_1_95' title='bbox 969 3145 1049 3220; x_wconf 90' lang='lat' dir='ltr'>illis</span> 
     </span>
     <span class='ocr_line' id='line_1_19' title="bbox 73 3283 1050 3384; baseline -0.001 -25"><span class='ocrx_word' id='word_1_96' title='bbox 73 3285 271 3382; x_wconf 86' lang='lat' dir='ltr'>formulis,</span> <span class='ocrx_word' id='word_1_97' title='bbox 298 3310 390 3384; x_wconf 92' lang='lat' dir='ltr'>quas</span> <span class='ocrx_word' id='word_1_98' title='bbox 417 3311 531 3384; x_wconf 89' lang='lat' dir='ltr'>supra</span> <span class='ocrx_word' id='word_1_99' title='bbox 553 3287 632 3383; x_wconf 85' lang='lat' dir='ltr'>jam</span> <span class='ocrx_word' id='word_1_100' title='bbox 657 3283 910 3384; x_wconf 88' lang='lat' dir='ltr'>protulimus,</span> <span class='ocrx_word' id='word_1_101' title='bbox 938 3309 1050 3383; x_wconf 89' lang='lat' dir='ltr'>prae·</span> 
     </span>
     <span class='ocr_line' id='line_1_20' title="bbox 72 3419 1049 3524; baseline -0.001 -27"><span class='ocrx_word' id='word_1_102' title='bbox 72 3423 218 3517; x_wconf 89' lang='lat' dir='ltr'>missis,</span> <span class='ocrx_word' id='word_1_103' title='bbox 258 3423 453 3524; x_wconf 86' lang='lat' dir='ltr'>adjungat.</span> <span class='ocrx_word' id='word_1_104' title='bbox 523 3419 725 3498; x_wconf 83' lang='lat' dir='ltr'>Interdum</span> <span class='ocrx_word' id='word_1_105' title='bbox 753 3433 879 3495; x_wconf 85' lang='lat' dir='ltr'>autern</span> <span class='ocrx_word' id='word_1_106' title='bbox 904 3423 969 3515; x_wconf 92' lang='lat' dir='ltr'>fit,</span> <span class='ocrx_word' id='word_1_107' title='bbox 1004 3431 1049 3496; x_wconf 94' lang='lat' dir='ltr'>ut</span> 
     </span>
     <span class='ocr_line' id='line_1_21' title="bbox 73 3559 1047 3657; baseline 0.003 -23"><span class='ocrx_word' id='word_1_108' title='bbox 73 3559 272 3636; x_wconf 87' lang='lat' dir='ltr'>inversum</span> <span class='ocrx_word' id='word_1_109' title='bbox 308 3563 423 3636; x_wconf 87' lang='lat' dir='ltr'>etiam</span> <span class='ocrx_word' id='word_1_110' title='bbox 455 3562 632 3636; x_wconf 91' lang='lat' dir='ltr'>ordinem</span> <span class='ocrx_word' id='word_1_111' title='bbox 664 3570 847 3657; x_wconf 90' lang='lat' dir='ltr'>sequatur</span> <span class='ocrx_word' id='word_1_112' title='bbox 885 3560 932 3652; x_wconf 93' lang='lat' dir='ltr'>(I.</span> <span class='ocrx_word' id='word_1_113' title='bbox 959 3560 1047 3637; x_wconf 82' lang='lat'>318.</span> 
     </span>
    </p>
   </div>
   <div class='ocr_carea' id='block_1_5' title="bbox 71 3695 1052 3798">
    <p class='ocr_par' dir='ltr' id='par_1_5' title="bbox 71 3695 1052 3798">
     <span class='ocr_line' id='line_1_22' title="bbox 71 3695 1052 3798; baseline 0 -24"><span class='ocrx_word' id='word_1_114' title='bbox 71 3698 121 3774; x_wconf 83' lang='lat' dir='ltr'>D.</span> <span class='ocrx_word' id='word_1_115' title='bbox 149 3699 193 3773; x_wconf 84' lang='grc' dir='ltr'>Ε.</span> <span class='ocrx_word' id='word_1_116' title='bbox 221 3699 308 3776; x_wconf 78' lang='grc'><strong>324.</strong></span> <span class='ocrx_word' id='word_1_117' title='bbox 336 3699 378 3776; x_wconf 89' lang='grc' dir='ltr'>Β.</span> <span class='ocrx_word' id='word_1_118' title='bbox 403 3725 484 3798; x_wconf 88' lang='lat' dir='ltr'>sqq.</span> <span class='ocrx_word' id='word_1_119' title='bbox 508 3697 594 3776; x_wconf 80' lang='lat'><strong>357.</strong></span> <span class='ocrx_word' id='word_1_120' title='bbox 619 3695 690 3793; x_wconf 69' lang='lat' dir='ltr'>C),</span> <span class='ocrx_word' id='word_1_121' title='bbox 718 3705 783 3770; x_wconf 91' lang='lat' dir='ltr'>aut</span> <span class='ocrx_word' id='word_1_122' title='bbox 809 3696 1052 3796; x_wconf 84' lang='lat' dir='ltr'>spiritualem</span> 
     </span>
    </p>
   </div>
   <div class='ocr_carea' id='block_1_6' title="bbox 71 3833 1055 3936">
    <p class='ocr_par' dir='ltr' id='par_1_6' title="bbox 71 3833 1055 3936">
     <span class='ocr_line' id='line_1_23' title="bbox 71 3833 1055 3936; baseline -0.009 -27"><span class='ocrx_word' id='word_1_123' title='bbox 71 3861 225 3911; x_wconf 80' lang='lat' dir='ltr'>sensum</span> <span class='ocrx_word' id='word_1_124' title='bbox 252 3836 404 3936; x_wconf 90' lang='lat' dir='ltr'>duplici</span> <span class='ocrx_word' id='word_1_125' title='bbox 422 3837 572 3910; x_wconf 89' lang='lat' dir='ltr'>ratione</span> <span class='ocrx_word' id='word_1_126' title='bbox 592 3834 777 3933; x_wconf 84' lang='lat' dir='ltr'>explicet,</span> <span class='ocrx_word' id='word_1_127' title='bbox 803 3844 884 3908; x_wconf 92' lang='lat' dir='ltr'>tum</span> <span class='ocrx_word' id='word_1_128' title='bbox 902 3833 1055 3933; x_wconf 72' lang='lat' dir='ltr'>typica&gt;</span> 
     </span>
    </p>
   </div>
   <div class='ocr_carea' id='block_1_7' title="bbox 71 3970 1046 4091">
    <p class='ocr_par' dir='ltr' id='par_1_7' title="bbox 71 3970 1046 4091">
     <span class='ocr_line' id='line_1_24' title="bbox 71 3970 1046 4091; baseline -0.003 -45"><span class='ocrx_word' id='word_1_129' title='bbox 71 3983 154 4048; x_wconf 86' lang='lat' dir='ltr'>turn</span> <span class='ocrx_word' id='word_1_130' title='bbox 180 3975 424 4075; x_wconf 83' lang='lat' dir='ltr'>tropologica</span> <span class='ocrx_word' id='word_1_131' title='bbox 457 3975 503 4067; x_wconf 91' lang='lat'>(1.</span> <span class='ocrx_word' id='word_1_132' title='bbox 530 3973 617 4051; x_wconf 85' lang='grc'><strong>228.</strong></span> <span class='ocrx_word' id='word_1_133' title='bbox 643 3972 692 4051; x_wconf 93' lang='lat' dir='ltr'>D.</span> <span class='ocrx_word' id='word_1_134' title='bbox 719 3973 794 4068; x_wconf 70' lang='lat' dir='ltr'>u).</span> <span class='ocrx_word' id='word_1_135' title='bbox 847 3970 953 4046; x_wconf 83' lang='lat' dir='ltr'>Alibi</span> <span class='ocrx_word' id='word_1_136' title='bbox 973 3995 1046 4091; x_wconf 76' lang='lat' dir='ltr'>au-</span> 
     </span>
    </p>
   </div>
   <div class='ocr_carea' id='block_1_8' title="bbox 0 0 1318 4906">
    <p class='ocr_par' dir='ltr' id='par_1_8' title="bbox 0 0 1318 4906">
     <span class='ocr_line' id='line_1_25' title="bbox 0 0 1318 4906; baseline 0 0"><span class='ocrx_word' id='word_1_137' title='bbox 0 0 1318 4906; x_wconf 95' lang='lat' dir='ltr'> </span> 
     </span>
    </p>
   </div>
  </div>
 </body>
</html>
