2626 4906
161 598 241 676 206

56 858 58 864 s
162 803 280 878 meris
305 803 511 903 importata
536 811 749 900 testentur3
776 809 944 879 montem
962 830 1060 905 ergo
1074 772 1145 882 ar·

137 940 299 1016 ¹horem
325 941 451 1015 statim
482 943 693 1041 protulisse
724 943 890 1040 colligit.
925 986 977 998 -
1008 942 1146 1043 Saepe

165 1079 281 1154 etiam
305 1077 349 1152 in
375 1079 700 1177 interpretatione
732 1079 1038 1177 Prophetarum,
1073 1081 1146 1178 qui

164 1241 186 1289 a
207 1215 336 1291 verbis
360 1216 552 1290 translatis
573 1242 617 1290 ac
639 1215 803 1314 tropicis
823 1215 1022 1290 decedere
1037 1218 1145 1292 soliti

165 1352 253 1427 sint.
276 1354 326 1428 ad
369 1350 529 1453 propria
565 1379 608 1427 ac
648 1352 857 1452 simplicia,
906 1378 955 1426 eo
990 1365 1146 1453 peccat,

166 1490 274 1589 quod
298 1491 432 1584 verba,
459 1516 559 1588 quae
586 1515 660 1589 per
687 1488 981 1566 similitudinem
999 1492 1047 1564 ab
1070 1493 1148 1566 alia

166 1654 211 1702 re
239 1629 531 1719 transferantur,
558 1626 723 1726 proprie
752 1626 915 1724 accipit,
949 1637 1032 1700 tum
1048 1629 1148 1724 alia,

167 1764 275 1864 quasi
301 1789 376 1863 per
402 1763 607 1863 imaginem
635 1775 762 1847 essent
788 1763 905 1858 dicta,
945 1765 1148 1864 interpre-
1218 1752 1220 1757 ⁵

167 1913 291 1995 tatur3
329 1912 425 1977 tum
469 1901 641 1999 denique
686 1913 821 2000 tropos
865 1903 1039 2002 explicat
1077 1903 1150 1978 tri-

168 2039 261 2115 viali
289 2047 543 2137 contortaque
570 2038 708 2138 passim
734 2038 898 2114 ratione.

245 2315 307 2392 48.
362 2313 444 2391 Sed
470 2317 530 2392 his
556 2316 731 2390 omnibus
759 2315 955 2415 expositis,
986 2319 1065 2414 jam
1092 2342 1150 2392 se-

170 2451 326 2549 quitur,
365 2463 411 2526 ut
443 2453 788 2552 interpretationes
822 2456 926 2550 ejus,
967 2479 1068 2551 quae
1102 2455 1150 2529 ad

169 2589 368 2662 historiam
395 2599 436 2662 et
460 2590 632 2688 linguam
657 2598 845 2687 spectant,
872 2590 1042 2688 optimae
1065 2592 1151 2689 qui-

172 2726 262 2798 dem
287 2737 418 2818 notae,
459 2727 675 2800 accuratius
702 2751 985 2824 cognoscamus.
1037 2728 1149 2801 Prin-

172 2862 278 2961 cipio
305 2862 429 2961 igitur
447 2863 481 2938 si
500 2863 835 2963 interpretationis
855 2863 960 2937 illius
979 2864 1152 2962 speciem

172 2999 334 3098 singulis
361 3002 551 3098 cujusque
578 3001 735 3100 generis
762 3000 1036 3098 exprimamus,
1068 3003 1152 3099 ejus

73 3124 76 3128 “
172 3162 241 3211 sex
266 3147 356 3212 sunt
382 3163 528 3236 genera
545 3138 658 3212 nobis
679 3136 960 3237 persequenda.
1013 3136 1153 3212 Postea

173 3300 271 3348 vero
298 3275 347 3347 ad
375 3282 588 3348 extremum
613 3276 714 3349 viam
740 3287 909 3348 nostram
926 3273 980 3347 ita
1002 3273 1153 3372 persol-

174 3435 328 3504 vemus,
367 3421 411 3484 ut
438 3434 487 3482 ex
512 3410 558 3483 iis
585 3411 700 3504 locis,
738 3410 877 3507 quibus
913 3409 1155 3509 singulorum

176 3546 370 3620 dictorum
378 3556 554 3620 tenorem
564 3560 674 3621 recte
688 3556 880 3620 assecutus
891 3547 940 3621 sit
949 3556 990 3620 et
1000 3559 1154 3623 senten·

176 3682 267 3755 tiam
294 3707 428 3771 eorum
454 3685 656 3783 praeclare
682 3684 945 3782 perspexerit,
970 3687 1155 3781 majorem

112 3816 115 3831 '
177 3819 387 3912 delectum,
416 3822 627 3895 secundum
654 3820 844 3894 librorum
870 3846 1068 3899 sacrorum
1092 3846 1155 3899 or,

178 3956 309 4031 dinem
335 3956 574 4056 dispositum,
601 3957 858 4035 exhibeamus.
