2626 4906
133 637 135 643 ,
163 555 243 636 272

163 783 267 850 quum
288 760 463 831 avolarent
483 762 518 827 et
538 759 691 827 redirent
712 762 758 827 ad
779 781 856 828 eum
868 765 1077 849 constanter,
1099 786 1142 833 ac

60 910 64 916 ·
162 892 314 970 tempore
335 883 471 969 prandii
495 887 529 947 et
550 902 675 947 coenae
697 885 853 948 adlatus
875 890 951 967 ejus
965 893 1138 954 mansuete

86 1090 88 1094 Ι
163 1006 334 1090 garrirent
360 1004 517 1087 (23422)
548 1007 583 1068 et
608 1004 652 1068 ad
680 1024 756 1068 eum
777 1005 950 1088 volarent,
981 1008 1087 1071 sicuti
1108 1014 1141 1073 et

163 1147 246 1208 nos,
270 1145 336 1210 quo
359 1124 514 1189 dilectati
532 1112 667 1204 surdus,
691 1144 791 1189 canes
812 1127 985 1191 nonnullis
1007 1130 1141 1194 vicibus

163 1247 314 1313 vidimus
347 1243 468 1310 herum
501 1248 699 1310 accumbent
685 1250 737 1309 tes
770 1250 922 1330 tempore
949 1249 1088 1333 prandii
1109 1256 1143 1314 et

167 1368 353 1434 assultibus
374 1365 601 1450 vocibusque,
625 1367 775 1432 ululatus
795 1366 984 1452 similibus,
1009 1390 1142 1454 panem,

164 1494 262 1572 cujus
281 1460 493 1570 indigerent,
518 1493 759 1571 quaerentes.
759 1522 803 1535 ·-
843 1487 877 1554 v.
902 1492 933 1555 9
979 1488 1091 1574 Surge
1113 1503 1143 1556 et

163 1612 279 1674 uode'
266 1630 300 1674 m
322 1607 532 1690 Sarepbtlrom
553 1607 770 1674 Sidoniorum.
805 1608 902 1673 Deus
920 1590 1144 1676 misitEliam

163 1729 210 1794 ad
230 1728 408 1812 gentilium
428 1729 565 1809 urbem,
589 1733 627 1793 ut
647 1728 808 1792 duritiem
826 1728 949 1810 (animi
966 1731 1078 1812 suarn)
1101 1733 1144 1796 ad

164 1849 495 1914 commiserationem
523 1847 688 1915 flecteret.
761 1828 832 1927 Qui
874 1851 965 1915 eninr
1007 1849 1143 1936 pluviae
1184 1915 1188 1920 ,

166 1978 201 2036 et
226 1966 300 2035 rd'r'i
324 1994 400 2037 eum
421 1971 650 2055 praefecerat,
681 1951 816 2034 nolebat
836 1966 872 2036 ri
894 1967 970 2035 eum
991 1973 1141 2057 privare,

170 2094 262 2176 quod
286 2095 318 2158 ei
340 2096 568 2173 concesserat,
590 2112 653 2156 uec
673 2092 810 2157 volebat
829 2089 972 2174 mundo,
995 2094 1064 2158 site
1086 2094 1143 2159 ad-

171 2213 239 2279 huc
261 2215 428 2297 cruciato,
451 2234 665 2295 succurrere,
687 2213 755 2278 nisi
777 2234 817 2278 eo
838 2208 1143 2281 volente'illudsa-

167 2356 247 2399 cere
276 2339 402 2420 posset.
455 2333 645 2420 Propterea
675 2356 767 2416 eurn,
798 2337 857 2419 qui
886 2333 1065 2421 hucusque
1086 2335 1143 2416 ³²⁰)

166 2457 392 2521 absconditus·
414 2452 528 2522 suerat
557 2457 593 2520 in
623 2457 714 2520 valle
742 2451 878 2535 Carith,
907 2453 1004 2519 misit
1033 2456 1142 2538 (deus)

166 2578 211 2641 ad
232 2580 350 2643 urbem
381 2599 534 2661 magnam
565 2574 800 2658 Sarephtham,
830 2577 888 2637 ubi
917 2576 991 2640 suis
1014 2580 1139 2662 subjm-

164 2699 351 2761 tamoculis
372 2696 512 2761 haberet
528 2694 969 2774 hominumrralamitatem3
1004 2701 1072 2765 etsi
1094 2700 1142 2763 illi

164 2821 277 2882 tantae
299 2817 505 2882 calamitatis
525 2816 654 2881 nullam
668 2798 835 2881 'caussam
856 2795 1041 2899 dederant,
1065 2841 1144 2905 qua-

88 2958 93 2972 ‘
163 2955 289 3004 renea
322 2923 404 3003 cum
421 2938 561 3004 Achabo
584 2937 804 3023 Sarephtanis
825 2939 860 3001 in
887 2939 1057 3024 supplicio
1080 2941 1145 3005 suit

44 3116 48 3123 ,
165 3061 333 3138 societas3
357 3061 449 3145 quia,
473 3061 538 3125 etsi
560 3059 802 3142 legemMosis
823 3067 891 3122 nod
908 3060 1142 3143 observabant,

167 3180 259 3264 quod
290 3201 363 3245 earn
393 3182 599 3264 ignorarent,
629 3158 741 3246 ticinen
761 3200 828 3244 non
857 3182 1062 3261 deridebant3
1086 3204 1141 3248 sa·
1173 3152 1180 3181 ἱ

166 3302 355 3384 pientiores
377 3306 499 3384 autem,
523 3304 583 3386 qui
604 3305 693 3367 inter
715 3323 773 3367 eos
804 3303 974 3384 vivebant,
995 3302 1142 3370 sortasse

167 3422 269 3486 etiam
291 3423 388 3487 illam
419 3425 668 3490 reverebantur.
735 3421 895 3489 Achabus
914 3444 997 3490 vero
1019 3426 1064 3491 ad
1086 3446 1143 3492 ex-

168 3639 388 3656 mu

217 3752 290 3814 329)
295 3749 389 3814 aina-w
423 3748 571 3818 lacurnam
605 3747 746 3807 succincte
779 3749 914 3827 scriptum
951 3741 1023 3806 mihi
1066 3752 1141 3808 ride-

166 3862 213 3911 tur
229 3871 284 3921 pro
303 3849 394 3937 geg,
420 3866 510 3943 een-39
539 3870 583 3918 pr.
609 3854 648 3908 ad
676 3854 770 3910 boram
793 3871 882 3925 urum.
904 3853 988 3910 Nullt
1014 3857 1142 3928 exempla

165 3956 319 4025 adscripsit
343 3917 490 4010 borreum.
517 3955 949 4029 vaoenod01.am.1araura
967 3957 1010 4016 ΙΙ.
1032 3964 1096 4021 253.
1113 3961 1141 4015 G.
