2626 4906
269 583 319 661 12

346 792 382 869 4.
434 790 517 869 Sed
555 788 615 864 his
648 784 849 888 explicatis
877 787 955 885 jam
981 789 1240 890 progredien-

268 931 361 1004 dum
387 929 513 1004 estad
533 926 643 1002 aliam
664 924 932 1026 disputationis
950 938 1114 1039 partem,
1140 953 1240 1028 quae

268 1206 389 1262 medium
408 1203 478 1259 illud
496 1200 635 1257 hominem
653 1198 790 1270 quendam
806 1198 963 1268 inclusisse,
990 1200 1039 1271 qni
1057 1210 1124 1258 nutu
1142 1218 1241 1259 eorum

269 1319 299 1365 et
315 1308 467 1364 constituto
485 1316 612 1378 tempore
629 1305 721 1375 ignem
744 1313 892 1374 aggereres
909 1313 937 1360 et
953 1305 1093 1374 lignorum
1111 1322 1242 1363 acetrum

269 1412 468 1478 victimamque
485 1411 515 1465 in
532 1410 620 1464 altare
637 1407 834 1475 succenderet,
854 1417 909 1462 tum
928 1418 1045 1478 propter
1062 1407 1199 1492 fiduciam
1210 1412 1241 1466 in

268 1515 324 1570 isto
350 1514 470 1584 positam
497 1529 528 1568 se
553 1529 668 1582 parasse
701 1510 807 1571 (Baalis
832 1511 1019 1578 sacerdotes),
1050 1521 1097 1580 ut,
1123 1522 1243 1583 propter

268 1618 417 1674 victoriam
453 1617 488 1671 da
519 1632 574 1685 qua
607 1613 736 1686 persuasi
766 1621 860 1669 esseut
888 1614 984 1669 laetati
1006 1624 1044 1670 et
1074 1617 1242 1685 exultantes,

268 1738 390 1792 pugnam
407 1720 551 1785 intrarent,
570 1726 653 1788 atque
670 1715 763 1773 Etiam
786 1716 973 1774 lacessivisse.
1008 1718 1244 1776 Atveroinanem

269 1842 367 1880 eorum
393 1840 472 1894 spem
497 1821 589 1879 statim
610 1821 765 1877 abscidisse
789 1821 880 1876 Eliam
883 1855 1122 1878 -----
1147 1823 1244 1880 Porro

269 1929 396 1995 tradunt,
423 1927 495 1982 hanc
517 1942 612 1982 veram
634 1924 723 1980 fuisse
747 1941 886 1994 caussam,
913 1935 1031 1998 propter
1056 1943 1138 1996 quam
1163 1927 1246 1984 Elias

268 2046 355 2099 aquas
377 2045 463 2099 super
484 2030 572 2083 altare
599 2036 628 2083 et
652 2038 864 2101 superterram
887 2028 993 2087 circum
1019 2031 1050 2087 id
1074 2030 1181 2088 effundi
1196 2033 1244 2101 Ju-

269 2133 365 2198 beret3
401 2130 532 2186 claudere
560 2127 691 2184 nimirum
721 2129 835 2188 volebat
866 2147 898 2186 os
932 2135 1107 2190 sacerdotum
1136 2134 1244 2202 Baalis,

269 2236 377 2308 quippe
394 2250 478 2304 quum
496 2232 581 2288 sciret
597 2233 672 2302 quod
691 2234 871 2315 obtrectatori
889 2236 995 2306 forent,
1010 2236 1123 2306 dicturi,
1148 2237 1244 2308 ignem

268 2354 325 2396 nos
352 2337 389 2393 de
412 2332 495 2393 'coelo
522 2335 730 2392 descendisse.“
762 2371 795 2384 -·
828 2337 938 2395 Verum
965 2356 1027 2395 cnm
1059 2341 1127 2409 hac,
1160 2358 1245 2411 quam

266 2441 446 2511 aperuimus,
470 2439 624 2510 Ephraemi
649 2439 825 2508 narratione,
858 2443 989 2500 conferre
1012 2443 1107 2514 placet
1127 2444 1244 2523 alteram

269 2545 431 2601 simillimam
459 2561 540 2613 quam
567 2543 640 2612 apud
658 2545 952 2618 chrysostomum
968 2546 1042 2616 legis
1060 2546 1090 2603 in
1105 2547 1192 2605 Hom.
1208 2550 1246 2605 de

268 2647 357 2704 Petro
376 2657 403 2702 et
419 2647 502 2713 Elia,
530 2647 559 2703 in
582 2650 657 2718 Opp.
680 2647 724 2703 ed.
749 2647 954 2704 Montefalc.
978 2649 1019 2706 11.
1045 2654 1104 2708 737.
1129 2651 1178 2706 ubi
1196 2670 1246 2706 oc-

269 2761 386 2806 currunt
402 2740 582 2820 huiusmodi:
615 2745 631 2805 3
647 2752 739 2823 μέλλω
755 2753 846 2823 λέγειν
861 2747 961 2820 θεατὴς
976 2747 1060 2813 αὐτὸς
1071 2754 1189 2823 γέγονα·
1215 2753 1248 2811 o

267 2860 326 2916 τοῖς
340 2860 446 2922 βωμοῖς
470 2850 526 2908 τὼν
550 2849 672 2909 εἰδώλων
696 2851 767 2909 ὂπαί
787 2856 842 2909 εισι
863 2848 990 2912 κάτωθεν
1006 2856 1040 2913 τῦ
1055 2859 1247 2929 θυσαιστηρίε,

268 2958 317 3011 καὶ
335 2957 391 3012 ἔστι
408 2976 448 3018 τις
464 2951 564 3018 λάκκος
581 2952 708 3013 κάτωθεν
724 2953 848 3030 ἀφανὴς,
876 2959 924 3012 καὶ
949 2960 1128 3035 κατέρχονται
1152 2960 1179 3014 oi
1202 2957 1249 3028 τὴς

267 3057 374 3130 πλάνης
391 3055 505 3138 ἐργάται
527 3058 559 3114 ἓν
585 3061 622 3131 τῷ
638 3057 744 3132 λάκκῳ,
769 3061 819 3115 καὶ
840 3057 912 3117 dvcto
935 3067 994 3123 ταῖς
1017 3060 1099 3122 ὀπαῖς
1121 3060 1246 3131 ἐκείναις,

267 3161 396 3222 serobes
412 3161 522 3240 τὰπῦρ
535 3157 647 3220 ἄνωθεν
663 3161 824 3237 ἐκφασῶσιν
841 3168 879 3225 sir
895 3161 945 3233 τὴν
960 3169 1078 3232 θυσίαν,
1109 3162 1154 3226 cis·
1173 3168 1245 3220 stole

268 3271 328 3329 loir
345 3263 517 3334 ἀπατᾶσθαι,
545 3265 595 3320 καὶ
620 3269 742 3330 κομίζειν
766 3262 883 3343 ripoinus
911 3258 983 3322 εἶναι
1000 3264 1030 3322 τὸ
1047 3269 1119 3344 πῦρ·
1142 3268 1193 3324 ἳνα
1209 3259 1248 3326 ἓν

258 3365 311 3442 μὴ
327 3369 376 3424 καὶ
393 3363 517 3428 buttem
533 3364 642 3422 soseissiv
659 3387 685 3422 τι
700 3364 850 3442 ὖποκοηθῇ
861 3363 968 3438 broeris,
987 3369 1095 3440 ἔπεμπε
1111 3368 1142 3426 τὸ
1159 3368 1247 3448 ὕδωρ.

267 3464 1247 3551 ῐκαιὴνόπὴκτόὕδαρέλέγξῃ.ἀνάγκηγιὶρὸπιιόπὴνεὺρίσκειιὸὕδωρ

268 3569 399 3644 εἱστήκει,
409 3569 479 3628 ἀλλὰ
487 3575 654 3648 κατέρχεται
667 3606 701 3620 -
710 3575 838 3630 Alterum
844 3577 1014 3644 exemplum,
1031 3578 1057 3632 si
1074 3595 1247 3648 cognoscere

269 3677 383 3748 cupias,
403 3684 480 3746 petet
496 3676 530 3732 Τ.
548 3675 573 3732 l.
592 3680 644 3735 161
660 3676 697 3732 ad
715 3676 789 3734 Gen.
805 3681 850 3746 15,
866 3683 884 3738 9
901 3687 965 3748 sqq.
982 3680 1168 3748 explicatum,
1197 3681 1247 3737 ubi

269 3780 342 3836 ritus
359 3779 538 3846 describitur,
555 3795 611 3847 quo
629 3780 804 3839 Abrabamus
821 3783 920 3838 foedus
937 3801 999 3838 cum
1009 3784 1118 3840 Jebova
1126 3783 1246 3853 pepigit.

269 3884 396 3951 Namque
415 3896 459 3938 'ex
484 3883 689 3938 Chaldaeorum
716 3885 876 3941 narratione
910 3904 960 3941 ore
993 3896 1024 3942 ut
1050 3885 1161 3942 ridetur
1188 3888 1245 3944 sibi

269 3984 376 4042 tradita
392 3985 480 4043 retest
497 3986 567 4043 mee
585 3985 621 4042 de
638 3986 754 4043 loedere
771 3987 896 4046 sancito:
924 3989 1073 4057 „Hs'ssus't
1094 4004 1150 4044 ιιιοι
1173 3994 1248 4060 epod
