2626 4906
162 567 216 648 44

161 774 347 868 diximus,
405 768 619 871 diligenter
662 769 886 870 perpensis,
935 770 969 847 si
1009 796 1138 871 aequo

164 913 293 1011 animo,
314 911 373 988 vis
397 910 597 1010 judicare,
633 906 777 985 Basilio
802 909 920 984 facile
951 909 1138 1010 suffraga-

161 1050 280 1152 beris,
307 1048 377 1150 qui
401 1048 468 1126 vel
491 1056 660 1148 propter
684 1047 946 1124 eruditionem
972 1073 1138 1148 eamque

162 1199 209 1266 ut
233 1188 393 1278 videtur
416 1186 641 1281 liberalem,
684 1185 945 1286 Ephraemum
979 1211 1138 1286 magno-

163 1351 264 1427 pere
296 1327 426 1400 fertur
461 1324 676 1424 suspexisse
700 1327 756 1420 ⁶⁶).
821 1323 868 1399 In
891 1323 1138 1424 philosophi-

163 1462 221 1539 cis
246 1463 406 1564 quidem
430 1462 560 1557 rebus,
586 1487 700 1562 quam
723 1461 846 1549 fuerit
863 1488 937 1563 pro
956 1468 1138 1562 tempore

160 1626 232 1677 suo
280 1600 441 1677 maxime
480 1609 653 1675 versatus
691 1611 733 1676 et
770 1600 989 1695 excellens,
1040 1598 1138 1700 Syri

162 1747 354 1814 testantur
387 1739 453 1833 ⁶⁷),
503 1737 649 1839 scripta
682 1739 766 1837 ejus
800 1763 898 1814 vero
936 1737 1137 1815 evincunt.

163 1877 226 1952 Ad
265 1875 590 1979 Philosophorum
627 1874 809 1952 nimirum
853 1874 1013 1951 inventa
1046 1873 1138 1952 dili

162 2014 316 2113 gentius
342 2014 600 2115 perdiscenda
622 2014 702 2111 jam
725 2011 809 2114 ipsa
833 2021 1052 2113 temporum
1075 2037 1137 2088 ra-

163 2149 274 2245 tione.
298 2150 576 2246 adducebatur,
609 2175 728 2250 quum
753 2175 802 2226 eo
827 2149 988 2226 vivente
1013 2148 1138 2225 omnis

163 2285 281 2388 Syria
305 2260 394 2364 talis
420 2296 534 2384 esset,
559 2313 659 2388 quae
685 2286 821 2364 aviris
841 2286 967 2364 doctis
981 2285 1137 2366 Gnosti-

164 2450 300 2502 corum
324 2427 450 2525 patria
476 2436 518 2501 et
542 2423 651 2527 quasi
675 2425 869 2503 theatrum
887 2451 1031 2503 summo
1043 2428 1137 2526 jure

163 2565 390 2664 appelletur
413 2565 468 2659 ⁶⁸).
529 2564 665 2663 ltaque
691 2563 838 2660 evenit,
863 2573 909 2641 ut
934 2589 1025 2656 curn
1046 2563 1137 2664 phi-

162 2699 334 2799 losophis
360 2699 543 2801 gnosticis
565 2700 759 2778 disserere
780 2727 994 2802 eorumque
1012 2704 1137 2803 scrip-

163 2847 220 2943 ta,
240 2839 471 2939 praesertim
494 2837 704 2917 Marcionis
735 2849 778 2916 et
801 2837 1027 2917 Bardesanis
1053 2840 1141 2920 lec-⁴

167 3053 398 3074 m

217 3185 264 3248 66)
282 3182 453 3240 Sozomen
470 3183 505 3240 ll.
517 3184 551 3239 E.
566 3185 585 3239 l.
596 3184 616 3239 l.
633 3183 780 3261 Βασίλεισς
794 3215 829 3245 -,
842 3178 955 3254 ἠγάσθη
969 3173 1139 3258 rdrjdrdpoe,

166 3284 216 3339 acal
232 3287 279 3355 τῆς
295 3282 465 3349 παιδεύσεως
481 3283 651 3359 ἐθαύμασεν.

213 3423 261 3487 67)
279 3421 411 3478 Sozam.
428 3425 447 3480 l.
465 3425 485 3480 1.
512 3421 561 3479 en
584 3424 701 3480 τσσεῑτον
721 3423 850 3484 παιδείας
873 3419 943 3478 aare
963 3423 1020 3479 τῶν
1042 3418 1137 3496 σύρων

163 3521 276 3594 «perir,
301 3524 440 3584 ἐπέδωκεν
463 3523 500 3590 ὥς
524 3530 692 3601 φιλοσοφίας
715 3525 771 3591 μὲν
794 3529 850 3585 τῶν
874 3521 968 3603 ἄκρων
984 3525 1136 3599 ἐφικέσθαι

162 3625 364 3703 senopem„

213 3770 261 3833 68)
280 3769 315 3825 cs.
332 3768 406 3827 Ven.
425 3769 480 3826 ch.
498 3767 590 3825 Guil.
611 3767 759 3840 Augusti
777 3768 813 3824 de
829 3766 940 3842 hymnis
957 3769 1023 3844 Syr.
1046 3769 1137 3825 sacris

162 3869 639 3930 DissertVratisl.MDCGCX1V.
663 3891 691 3944 p.
700 3876 742 3932 12
760 3873 879 3932 esven.
897 3872 948 3930 hu
954 3890 982 3943 g.
1001 3872 1136 3930 llnlrnii

161 3973 311 4032 Bardesan.
329 3975 455 4034 Gnostic.
475 3976 567 4047 (lips.
585 3977 804 4041 uncccrssxt
820 3993 850 4047 p.
866 3980 910 4036 52
