2626 4906
1079 587 1135 668 89.

161 795 253 871 siam
279 801 475 889 rexerunt,
502 793 706 870 Aitallahas
726 793 795 890 ²¹⁸),
821 791 964 892 qui'in·
984 793 1138 872 Saadae

160 932 291 1007 locum
316 957 413 1007 anno
440 932 517 1008 324
542 912 770 1030 subiugatus
787 918 1017 1026 tuerat-¹¹⁹),
1049 944 1132 1009 tum
1256 977 1260 985 ·

160 1068 229 1168 qui
256 1075 344 1142 eum
371 1094 468 1144 anno
495 1069 584 1145 3612
597 1069 754 1168 excepit
780 1055 1012 1143 Abrahamus
1027 1067 1131 1144 -chi-

161 1206 343 1280 dunensis
356 1208 426 1299 ¹²⁰),
453 1187 706 1304 cujuszitam
730 1205 1133 1304 Ephraemns'deseri-

160 1343 249 1443 psit,
275 1353 356 1416 tum
374 1343 522 1435 Barse‘s‚
549 1358 646 1416 anno
660 1341 736 1418 378
749 1342 828 1417 vita
842 1344 1050 1423 demnatus'
1065 1332 1133 1438 ¹²¹),

161 1505 277 1578 quem
303 1504 400 1553 anno
426 1478 503 1556 361
530 1477 774 1553 Constantius
800 1479 1029 1578 imperatur,
1068 1504 1132 1554 an
1270 1572 1279 1580 ·

161 1626 317 1714 tequam
341 1641 472 1691 mense
498 1616 711 1692 Novembri
735 1615 995 1715 Mopsvestiae
1017 1617 1132 1691 obiis-

162 1762 230 1846 set,
253 1775 302 1826 ex
319 1751 590 1826 Haranitarum
612 1754 705 1827 sede
728 1754 941 1852 episcopali
952 1754 994 1827 in
1005 1754 1135 1829 locum

164 1889 342 1964 defuncti
382 1890 585 1964 Abrahami
620 1889 799 1964 Edessam
832 1890 1029 1964 transtulit
1062 1890 1130 1982 ¹²²).

163 2025 380 2102 Hisautem
399 2026 493 2101 viris
512 2026 676 2100 amicitia
697 2052 784 2100 cum
797 2037 898 2101 esset
917 2026 1132 2118 devinctus,

163 2162 250 2237 fieri
288 2187 367 2236 non
403 2162 552 2261 potuit,
601 2148 695 2261 quin
739 2188 839 2238 nova
881 2163 1013 2236 schola
1044 2187 1131 2237 mox

164 2298 433 2400 quammaxime
451 2299 624 2374 floreret.
676 2299 803 2396 Atque
824 2299 933 2393 adeo,
959 2298 1131 2398 quamvis

165 2436 246 2510 dira
284 2437 353 2509 illa
382 2435 626 2536 persecutio,
665 2464 686 2513 a
718 2434 890 2535 Sapore,
928 2437 1132 2510 Persarum

163 2597 271 2672 rege,
296 2573 383 2647 fere
407 2572 501 2647 inde
527 2572 575 2646 ab
602 2596 700 2647 anno
727 2571 798 2647 ch.
825 2572 901 2650 330
928 2572 977 2644 ad
1002 2596 1032 2646 a.
1055 2570 1131 2647 370

163 2734 297 2809 usque,
329 2735 406 2808 quo
433 2708 597 2802 interiit,
632 2709 674 2783 in
699 2709 911 2783 Ecclesiam
935 2715 1037 2794 mota
1062 2707 1131 2800 ¹²³),

163 2847 330 2924 Edessae
367 2846 481 2920 etiam
519 2846 737 2920 crudeliter
762 2845 931 2921 saeviret
955 2841 1132 2942 plurimi-

165 3010 241 3083 que
281 2984 566 3061 Edessenorum
609 2993 798 3082 martyres
842 2979 1131 3071 occumberent,

215 3295 279 3360 lle)
297 3291 440 3346 Assem.
457 3290 478 3345 l.
494 3288 515 3346 1.
533 3287 558 3344 Ῑ.
576 3288 630 3348 395
646 3303 707 3358 sqq.

216 3431 278 3494 119)
296 3427 336 3485 ia.
354 3428 374 3484 1.
391 3427 410 3485 1.
429 3412 487 3484 111.¹
502 3431 528 3486 2.
546 3429 589 3486 51.

179 3596 183 3605 ·
216 3569 279 3634 129)
297 3566 337 3622 id.
356 3566 381 3623 1.
398 3569 441 3625 38.
459 3569 519 3624 396.

215 3707 278 3780 121)
296 3704 399 3761 chron.
416 3703 515 3759 Edess.
533 3717 579 3772 ap.
595 3700 702 3758 Assem.
720 3699 740 3755 Ι.
757 3699 777 3756 Ι.
793 3697 819 3756 Ι.
836 3699 898 3758 398.
917 3694 1050 3753 XXXII.

216 3844 280 3907 122)
297 3841 439 3897 Assem.
456 3840 476 3896 Ι.
493 3841 513 3897 l.
530 3839 588 3898 111.
605 3845 631 3899 2.
648 3857 677 3911 p.
695 3838 740 3897 55.

216 3981 278 4046 123)
295 3977 333 4038 ta
352 3979 371 4036 1.
388 3979 407 4037 1.
427 3977 483 4035 111.
500 3981 526 4038 2.
543 3995 573 4049 p·
590 3979 625 4038 51
641 3993 703 4047 sqq.
