<?xml version="1.0" encoding="UTF-8"?>
<!DOCTYPE html PUBLIC "-//W3C//DTD XHTML 1.0 Transitional//EN"
    "http://www.w3.org/TR/xhtml1/DTD/xhtml1-transitional.dtd">
<html xmlns="http://www.w3.org/1999/xhtml" xml:lang="en" lang="en">
 <head>
  <title>
</title>
<meta http-equiv="Content-Type" content="text/html;charset=utf-8" />
  <meta name='ocr-system' content='tesseract 3.04.00' />
  <meta name='ocr-capabilities' content='ocr_page ocr_carea ocr_par ocr_line ocrx_word'/>
</head>
<body>
  <div class='ocr_page' id='page_1' title='image "./deephraemisyria00lenggoog_0191.png"; bbox 0 0 2626 4906; ppageno 0'>
   <div class='ocr_carea' id='block_1_1' title="bbox 1054 610 1131 686">
    <p class='ocr_par' dir='ltr' id='par_1_1' title="bbox 1054 610 1131 686">
     <span class='ocr_line' id='line_1_1' title="bbox 1054 610 1131 686; baseline 0.026 -2"><span class='ocrx_word' id='word_1_1' title='bbox 1054 610 1131 686; x_wconf 84' lang='lat'><strong>177</strong></span> 
     </span>
    </p>
   </div>
   <div class='ocr_carea' id='block_1_2' title="bbox 164 809 1208 1048">
    <p class='ocr_par' dir='ltr' id='par_1_2' title="bbox 164 809 1208 1048">
     <span class='ocr_line' id='line_1_2' title="bbox 164 809 1208 918; baseline -0.002 -27"><span class='ocrx_word' id='word_1_2' title='bbox 164 828 276 918; x_wconf 59' lang='lat' dir='ltr'><strong>ssitssp</strong></span> <span class='ocrx_word' id='word_1_3' title='bbox 298 837 394 917; x_wconf 55' lang='lat' dir='ltr'><strong>spana,</strong></span> <span class='ocrx_word' id='word_1_4' title='bbox 428 810 474 903; x_wconf 90' lang='lat' dir='ltr'><strong>(I.</strong></span> <span class='ocrx_word' id='word_1_5' title='bbox 502 811 588 891; x_wconf 79' lang='lat'><strong>309.</strong></span> <span class='ocrx_word' id='word_1_6' title='bbox 615 809 676 904; x_wconf 89' lang='grc' dir='ltr'><strong>Β.)</strong></span> <span class='ocrx_word' id='word_1_7' title='bbox 704 813 932 910; x_wconf 83' lang='lat' dir='ltr'><strong>appellatur.</strong></span> <span class='ocrx_word' id='word_1_8' title='bbox 993 813 1132 890; x_wconf 84' lang='lat' dir='ltr'><strong>Eccle·</strong></span> <span class='ocrx_word' id='word_1_9' title='bbox 1205 888 1208 897; x_wconf 83' lang='grc'>,</span> 
     </span>
     <span class='ocr_line' id='line_1_3' title="bbox 164 947 1130 1048; baseline 0.007 -28"><span class='ocrx_word' id='word_1_10' title='bbox 164 948 218 1020; x_wconf 87' lang='lat' dir='ltr'><strong>sia</strong></span> <span class='ocrx_word' id='word_1_11' title='bbox 245 959 372 1020; x_wconf 88' lang='lat' dir='ltr'><strong>autem</strong></span> <span class='ocrx_word' id='word_1_12' title='bbox 400 947 548 1022; x_wconf 91' lang='lat' dir='ltr'><strong>Noachi</strong></span> <span class='ocrx_word' id='word_1_13' title='bbox 574 948 730 1047; x_wconf 86' lang='lat' dir='ltr'><strong>navigio</strong></span> <span class='ocrx_word' id='word_1_14' title='bbox 756 951 1130 1048; x_wconf 81' lang='lat' dir='ltr'><strong>repraesentabatur.</strong></span> 
     </span>
    </p>
   </div>
   <div class='ocr_carea' id='block_1_3' title="bbox 160 1131 382 1150">
    <p class='ocr_par' dir='ltr' id='par_1_3' title="bbox 160 1131 382 1150">
     <span class='ocr_line' id='line_1_4' title="bbox 160 1131 382 1150; baseline -0.005 -6"><span class='ocrx_word' id='word_1_15' title='bbox 160 1131 382 1150; x_wconf 48' lang='lat' dir='ltr'><strong>——d</strong></span> 
     </span>
    </p>
   </div>
   <div class='ocr_carea' id='block_1_4' title="bbox 121 1219 1139 3962">
    <p class='ocr_par' dir='ltr' id='par_1_4' title="bbox 121 1219 1139 3962">
     <span class='ocr_line' id='line_1_5' title="bbox 161 1219 1133 1290; baseline -0.002 -10"><span class='ocrx_word' id='word_1_16' title='bbox 161 1223 261 1280; x_wconf 82' lang='lat' dir='ltr'><strong>Raluzb</strong></span> <span class='ocrx_word' id='word_1_17' title='bbox 280 1223 351 1275; x_wconf 89' lang='lat' dir='ltr'><strong>illam</strong></span> <span class='ocrx_word' id='word_1_18' title='bbox 369 1222 592 1286; x_wconf 77' lang='lat' dir='ltr'><strong>contemplabatur</strong></span> <span class='ocrx_word' id='word_1_19' title='bbox 608 1220 687 1287; x_wconf 87' lang='lat' dir='ltr'><strong>ipsa;</strong></span> <span class='ocrx_word' id='word_1_20' title='bbox 706 1223 798 1274; x_wconf 89' lang='lat' dir='ltr'><strong>etenim</strong></span> <span class='ocrx_word' id='word_1_21' title='bbox 815 1223 843 1275; x_wconf 89' lang='lat' dir='ltr'><strong>si</strong></span> <span class='ocrx_word' id='word_1_22' title='bbox 857 1219 926 1276; x_wconf 77' lang='lat' dir='ltr'><strong>bilta</strong></span> <span class='ocrx_word' id='word_1_23' title='bbox 944 1225 1067 1276; x_wconf 82' lang='lat' dir='ltr'><strong>coccinea</strong></span> <span class='ocrx_word' id='word_1_24' title='bbox 1084 1239 1133 1290; x_wconf 85' lang='lat' dir='ltr'><strong>per</strong></span> 
     </span>
     <span class='ocr_line' id='line_1_6' title="bbox 161 1324 1133 1403; baseline -0.001 -23"><span class='ocrx_word' id='word_1_25' title='bbox 161 1326 310 1403; x_wconf 84' lang='lat' dir='ltr'><strong>mysterium</strong></span> <span class='ocrx_word' id='word_1_26' title='bbox 328 1341 383 1376; x_wconf 89' lang='lat' dir='ltr'><strong>eam</strong></span> <span class='ocrx_word' id='word_1_27' title='bbox 400 1324 525 1376; x_wconf 87' lang='lat' dir='ltr'><strong>liberavit</strong></span> <span class='ocrx_word' id='word_1_28' title='bbox 542 1326 575 1375; x_wconf 92' lang='lat' dir='ltr'><strong>ab</strong></span> <span class='ocrx_word' id='word_1_29' title='bbox 601 1325 646 1377; x_wconf 88' lang='lat' dir='ltr'><strong>ira</strong></span> <span class='ocrx_word' id='word_1_30' title='bbox 672 1324 707 1386; x_wconf 85' lang='grc' dir='ltr'><strong>(Ι.</strong></span> <span class='ocrx_word' id='word_1_31' title='bbox 734 1328 793 1380; x_wconf 76' lang='grc'><strong>294.</strong></span> <span class='ocrx_word' id='word_1_32' title='bbox 820 1325 879 1390; x_wconf 80' lang='grc'><strong>0.),</strong></span> <span class='ocrx_word' id='word_1_33' title='bbox 913 1343 963 1394; x_wconf 87' lang='lat' dir='ltr'><strong>per</strong></span> <span class='ocrx_word' id='word_1_34' title='bbox 984 1327 1133 1395; x_wconf 76' lang='lat' dir='ltr'><strong>mysterium</strong></span> 
     </span>
     <span class='ocr_line' id='line_1_7' title="bbox 157 1427 1132 1499; baseline -0.002 -16"><span class='ocrx_word' id='word_1_35' title='bbox 157 1428 323 1499; x_wconf 78' lang='lat' dir='ltr'><strong>praelibavit</strong></span> <span class='ocrx_word' id='word_1_36' title='bbox 340 1427 484 1479; x_wconf 87' lang='lat' dir='ltr'><strong>ueritatem.</strong></span> <span class='ocrx_word' id='word_1_37' title='bbox 528 1428 605 1478; x_wconf 88' lang='lat' dir='ltr'><strong>Illum</strong></span> <span class='ocrx_word' id='word_1_38' title='bbox 628 1427 793 1480; x_wconf 82' lang='lat' dir='ltr'><strong>desideravit</strong></span> <span class='ocrx_word' id='word_1_39' title='bbox 816 1429 912 1493; x_wconf 87' lang='lat' dir='ltr'><strong>Elias‚·</strong></span> <span class='ocrx_word' id='word_1_40' title='bbox 943 1430 1132 1496; x_wconf 79' lang='lat' dir='ltr'><strong>quodquoniam</strong></span> 
     </span>
     <span class='ocr_line' id='line_1_8' title="bbox 121 1518 1133 1600; baseline -0.001 -15"><span class='ocrx_word' id='word_1_41' title='bbox 121 1518 125 1528; x_wconf 46' lang='lat'>⁸</span> <span class='ocrx_word' id='word_1_42' title='bbox 161 1549 213 1585; x_wconf 88' lang='lat' dir='ltr'><strong>non</strong></span> <span class='ocrx_word' id='word_1_43' title='bbox 237 1531 307 1583; x_wconf 89' lang='lat' dir='ltr'><strong>uidit</strong></span> <span class='ocrx_word' id='word_1_44' title='bbox 324 1530 412 1592; x_wconf 78' lang='lat' dir='ltr'><strong>filium</strong></span> <span class='ocrx_word' id='word_1_45' title='bbox 439 1529 517 1592; x_wconf 85' lang='lat' dir='ltr'><strong>(Dei)</strong></span> <span class='ocrx_word' id='word_1_46' title='bbox 544 1529 687 1594; x_wconf 87' lang='lat' dir='ltr'><strong>interris,</strong></span> <span class='ocrx_word' id='word_1_47' title='bbox 709 1530 791 1594; x_wconf 84' lang='lat' dir='ltr'><strong>fidem</strong></span> <span class='ocrx_word' id='word_1_48' title='bbox 816 1533 899 1584; x_wconf 89' lang='lat' dir='ltr'><strong>tenuit</strong></span> <span class='ocrx_word' id='word_1_49' title='bbox 924 1539 1077 1600; x_wconf 85' lang='lat' dir='ltr'><strong>strenueque</strong></span> <span class='ocrx_word' id='word_1_50' title='bbox 1103 1549 1133 1585; x_wconf 89' lang='lat' dir='ltr'><strong>se</strong></span> 
     </span>
     <span class='ocr_line' id='line_1_9' title="bbox 159 1632 1132 1703; baseline 0.002 -19"><span class='ocrx_word' id='word_1_51' title='bbox 159 1650 285 1703; x_wconf 80' lang='lat' dir='ltr'><strong>purgare</strong></span> <span class='ocrx_word' id='word_1_52' title='bbox 304 1635 356 1698; x_wconf 87' lang='lat' dir='ltr'><strong>(pr.</strong></span> <span class='ocrx_word' id='word_1_53' title='bbox 376 1632 531 1694; x_wconf 84' lang='lat' dir='ltr'><strong>defaecare)</strong></span> <span class='ocrx_word' id='word_1_54' title='bbox 550 1633 659 1696; x_wconf 87' lang='lat' dir='ltr'><strong>studuit,</strong></span> <span class='ocrx_word' id='word_1_55' title='bbox 678 1640 707 1684; x_wconf 92' lang='lat' dir='ltr'><strong>ut</strong></span> <span class='ocrx_word' id='word_1_56' title='bbox 724 1636 867 1686; x_wconf 87' lang='lat' dir='ltr'><strong>ascendere</strong></span> <span class='ocrx_word' id='word_1_57' title='bbox 881 1635 1002 1702; x_wconf 86' lang='lat' dir='ltr'><strong>illamque</strong></span> <span class='ocrx_word' id='word_1_58' title='bbox 1015 1635 1043 1686; x_wconf 91' lang='lat' dir='ltr'><strong>in</strong></span> <span class='ocrx_word' id='word_1_59' title='bbox 1057 1637 1132 1686; x_wconf 82' lang='lat' dir='ltr'><strong>coela</strong></span> 
     </span>
     <span class='ocr_line' id='line_1_10' title="bbox 164 1735 1131 1804; baseline -0.004 -13"><span class='ocrx_word' id='word_1_60' title='bbox 164 1736 337 1804; x_wconf 88' lang='lat' dir='ltr'><strong>contemplari</strong></span> <span class='ocrx_word' id='word_1_61' title='bbox 353 1735 408 1786; x_wconf 88' lang='lat' dir='ltr'><strong>sibi</strong></span> <span class='ocrx_word' id='word_1_62' title='bbox 425 1735 525 1789; x_wconf 86' lang='lat' dir='ltr'><strong>liceret.</strong></span> <span class='ocrx_word' id='word_1_63' title='bbox 560 1737 638 1788; x_wconf 79' lang='lat' dir='ltr'><strong>illam</strong></span> <span class='ocrx_word' id='word_1_64' title='bbox 655 1744 841 1803; x_wconf 75' lang='lat' dir='ltr'><strong>exspectarunt</strong></span> <span class='ocrx_word' id='word_1_65' title='bbox 862 1740 961 1792; x_wconf 90' lang='lat' dir='ltr'><strong>Moses</strong></span> <span class='ocrx_word' id='word_1_66' title='bbox 984 1743 1010 1789; x_wconf 85' lang='lat' dir='ltr'><strong>et</strong></span> <span class='ocrx_word' id='word_1_67' title='bbox 1034 1736 1131 1802; x_wconf 81' lang='lat' dir='ltr'><strong>Elias3</strong></span> 
     </span>
     <span class='ocr_line' id='line_1_11' title="bbox 163 1837 1134 1893; baseline -0.001 0"><span class='ocrx_word' id='word_1_68' title='bbox 163 1847 313 1893; x_wconf 85' lang='lat' dir='ltr'><strong>mansuetus</strong></span> <span class='ocrx_word' id='word_1_69' title='bbox 331 1837 451 1889; x_wconf 87' lang='lat' dir='ltr'><strong>ascendit</strong></span> <span class='ocrx_word' id='word_1_70' title='bbox 469 1855 501 1890; x_wconf 79' lang='lat' dir='ltr'><strong>en</strong></span> <span class='ocrx_word' id='word_1_71' title='bbox 518 1838 579 1889; x_wconf 91' lang='lat' dir='ltr'><strong>imis</strong></span> <span class='ocrx_word' id='word_1_72' title='bbox 597 1845 622 1889; x_wconf 91' lang='lat' dir='ltr'><strong>et</strong></span> <span class='ocrx_word' id='word_1_73' title='bbox 639 1840 751 1892; x_wconf 91' lang='lat' dir='ltr'><strong>Zelotes</strong></span> <span class='ocrx_word' id='word_1_74' title='bbox 774 1841 909 1892; x_wconf 85' lang='lat' dir='ltr'><strong>descendit</strong></span> <span class='ocrx_word' id='word_1_75' title='bbox 931 1841 963 1892; x_wconf 88' lang='lat' dir='ltr'><strong>de</strong></span> <span class='ocrx_word' id='word_1_76' title='bbox 985 1840 1089 1892; x_wconf 77' lang='lat' dir='ltr'><strong>suminis</strong></span> <span class='ocrx_word' id='word_1_77' title='bbox 1107 1844 1134 1892; x_wconf 80' lang='lat' dir='ltr'><strong>et</strong></span> 
     </span>
     <span class='ocr_line' id='line_1_12' title="bbox 165 1941 1133 2010; baseline -0.002 -14"><span class='ocrx_word' id='word_1_78' title='bbox 165 1945 345 2010; x_wconf 80' lang='lat' dir='ltr'><strong>adspexerant</strong></span> <span class='ocrx_word' id='word_1_79' title='bbox 355 1941 444 2000; x_wconf 79' lang='lat' dir='ltr'><strong>filium</strong></span> <span class='ocrx_word' id='word_1_80' title='bbox 461 1941 489 1992; x_wconf 91' lang='lat' dir='ltr'><strong>in</strong></span> <span class='ocrx_word' id='word_1_81' title='bbox 505 1941 591 1992; x_wconf 90' lang='lat' dir='ltr'><strong>medio</strong></span> <span class='ocrx_word' id='word_1_82' title='bbox 610 1949 764 1995; x_wconf 86' lang='lat' dir='ltr'><strong>uersantem.</strong></span> <span class='ocrx_word' id='word_1_83' title='bbox 795 1943 994 1996; x_wconf 80' lang='lat' dir='ltr'><strong>Adumbrabant</strong></span> <span class='ocrx_word' id='word_1_84' title='bbox 1014 1942 1133 1994; x_wconf 87' lang='lat' dir='ltr'><strong>nimirum</strong></span> 
     </span>
     <span class='ocr_line' id='line_1_13' title="bbox 164 2025 1135 2116; baseline -0.006 -15"><span class='ocrx_word' id='word_1_85' title='bbox 164 2045 314 2116; x_wconf 79' lang='lat' dir='ltr'><strong>mysterium</strong></span> <span class='ocrx_word' id='word_1_86' title='bbox 341 2045 467 2095; x_wconf 83' lang='lat' dir='ltr'><strong>adventus</strong></span> <span class='ocrx_word' id='word_1_87' title='bbox 494 2045 560 2108; x_wconf 84' lang='lat' dir='ltr'><strong>ejus.</strong></span> <span class='ocrx_word' id='word_1_88' title='bbox 604 2045 668 2096; x_wconf 82' lang='lat' dir='ltr'><strong>Fuit</strong></span> <span class='ocrx_word' id='word_1_89' title='bbox 693 2025 804 2098; x_wconf 14' lang='lat' dir='ltr'><strong>Moses!</strong></span> <span class='ocrx_word' id='word_1_90' title='bbox 817 2052 895 2114; x_wconf 91' lang='lat' dir='ltr'><strong>typus</strong></span> <span class='ocrx_word' id='word_1_91' title='bbox 926 2050 1082 2097; x_wconf 81' lang='lat' dir='ltr'><strong>mortuoram</strong></span> <span class='ocrx_word' id='word_1_92' title='bbox 1108 2049 1135 2096; x_wconf 85' lang='lat' dir='ltr'><strong>et</strong></span> 
     </span>
     <span class='ocr_line' id='line_1_14' title="bbox 166 2145 1132 2216; baseline -0.006 -12"><span class='ocrx_word' id='word_1_93' title='bbox 166 2151 248 2205; x_wconf 86' lang='lat' dir='ltr'><strong>Elias</strong></span> <span class='ocrx_word' id='word_1_94' title='bbox 266 2153 342 2216; x_wconf 91' lang='lat' dir='ltr'><strong>typus</strong></span> <span class='ocrx_word' id='word_1_95' title='bbox 359 2145 511 2210; x_wconf 83' lang='lat' dir='ltr'><strong>uiuentium,</strong></span> <span class='ocrx_word' id='word_1_96' title='bbox 537 2146 583 2212; x_wconf 81' lang='lat' dir='ltr'><strong>qui</strong></span> <span class='ocrx_word' id='word_1_97' title='bbox 605 2145 634 2197; x_wconf 88' lang='lat' dir='ltr'><strong>ia</strong></span> <span class='ocrx_word' id='word_1_98' title='bbox 657 2164 792 2200; x_wconf 87' lang='lat' dir='ltr'><strong>occursum</strong></span> <span class='ocrx_word' id='word_1_99' title='bbox 815 2149 842 2201; x_wconf 89' lang='lat' dir='ltr'><strong>ei</strong></span> <span class='ocrx_word' id='word_1_100' title='bbox 862 2149 1001 2213; x_wconf 87' lang='lat' dir='ltr'><strong>volabunt,</strong></span> <span class='ocrx_word' id='word_1_101' title='bbox 1028 2147 1132 2214; x_wconf 82' lang='lat' dir='ltr'><strong>quanda</strong></span> 
     </span>
     <span class='ocr_line' id='line_1_15' title="bbox 164 2249 1133 2316; baseline -0.005 -11"><span class='ocrx_word' id='word_1_102' title='bbox 164 2252 258 2306; x_wconf 84' lang='lat' dir='ltr'><strong>veniet.</strong></span> <span class='ocrx_word' id='word_1_103' title='bbox 296 2251 334 2303; x_wconf 87' lang='lat' dir='ltr'><strong>Ob</strong></span> <span class='ocrx_word' id='word_1_104' title='bbox 351 2255 468 2313; x_wconf 83' lang='lat' dir='ltr'><strong>mortem,</strong></span> <span class='ocrx_word' id='word_1_105' title='bbox 495 2265 565 2316; x_wconf 80' lang='lat' dir='ltr'><strong>quem</strong></span> <span class='ocrx_word' id='word_1_106' title='bbox 577 2252 637 2316; x_wconf 87' lang='lat' dir='ltr'><strong>jam</strong></span> <span class='ocrx_word' id='word_1_107' title='bbox 653 2249 822 2314; x_wconf 80' lang='lat' dir='ltr'><strong>gustaverint</strong></span> <span class='ocrx_word' id='word_1_108' title='bbox 839 2250 948 2316; x_wconf 88' lang='lat' dir='ltr'><strong>mortni,</strong></span> <span class='ocrx_word' id='word_1_109' title='bbox 972 2249 1023 2302; x_wconf 79' lang='lat' dir='ltr'><strong>lios</strong></span> <span class='ocrx_word' id='word_1_110' title='bbox 1040 2249 1133 2302; x_wconf 85' lang='lat' dir='ltr'><strong>reddet</strong></span> 
     </span>
     <span class='ocr_line' id='line_1_16' title="bbox 163 2351 1135 2424; baseline -0.006 -15"><span class='ocrx_word' id='word_1_111' title='bbox 163 2355 317 2424; x_wconf 82' lang='lat' dir='ltr'><strong>principes3</strong></span> <span class='ocrx_word' id='word_1_112' title='bbox 335 2359 361 2404; x_wconf 87' lang='lat' dir='ltr'><strong>et</strong></span> <span class='ocrx_word' id='word_1_113' title='bbox 378 2358 504 2418; x_wconf 78' lang='lat' dir='ltr'><strong>taiuyaam</strong></span> <span class='ocrx_word' id='word_1_114' title='bbox 518 2352 653 2417; x_wconf 77' lang='lat' dir='ltr'><strong>postremi,</strong></span> <span class='ocrx_word' id='word_1_115' title='bbox 672 2352 718 2420; x_wconf 81' lang='lat' dir='ltr'><strong>qai</strong></span> <span class='ocrx_word' id='word_1_116' title='bbox 730 2353 840 2405; x_wconf 88' lang='lat' dir='ltr'><strong>nondum</strong></span> <span class='ocrx_word' id='word_1_117' title='bbox 853 2353 950 2420; x_wconf 81' lang='lat' dir='ltr'><strong>sepulti</strong></span> <span class='ocrx_word' id='word_1_118' title='bbox 959 2351 1078 2418; x_wconf 81' lang='lat' dir='ltr'><strong>suerint,</strong></span> <span class='ocrx_word' id='word_1_119' title='bbox 1096 2352 1135 2404; x_wconf 86' lang='lat' dir='ltr'><strong>ad</strong></span> 
     </span>
     <span class='ocr_line' id='line_1_17' title="bbox 167 2454 1131 2522; baseline -0.003 -11"><span class='ocrx_word' id='word_1_120' title='bbox 167 2464 306 2511; x_wconf 72' lang='lat' dir='ltr'><strong>extremum</strong></span> <span class='ocrx_word' id='word_1_121' title='bbox 332 2455 361 2506; x_wconf 90' lang='lat' dir='ltr'><strong>in</strong></span> <span class='ocrx_word' id='word_1_122' title='bbox 385 2471 519 2507; x_wconf 87' lang='lat' dir='ltr'><strong>occursum</strong></span> <span class='ocrx_word' id='word_1_123' title='bbox 544 2454 570 2507; x_wconf 92' lang='lat' dir='ltr'><strong>ei</strong></span> <span class='ocrx_word' id='word_1_124' title='bbox 595 2454 733 2522; x_wconf 86' lang='lat' dir='ltr'><strong>rapientur</strong></span> <span class='ocrx_word' id='word_1_125' title='bbox 759 2457 786 2518; x_wconf 88' lang='lat'><strong>(1</strong></span> <span class='ocrx_word' id='word_1_126' title='bbox 804 2455 902 2511; x_wconf 84' lang='lat' dir='ltr'><strong>Thess.</strong></span> <span class='ocrx_word' id='word_1_127' title='bbox 925 2454 980 2511; x_wconf 87' lang='lat' dir='ltr'><strong>IV.</strong></span> <span class='ocrx_word' id='word_1_128' title='bbox 1008 2454 1131 2518; x_wconf 84' lang='lat'>15-17).</span> 
     </span>
     <span class='ocr_line' id='line_1_18' title="bbox 166 2555 1132 2627; baseline 0.003 -23"><span class='ocrx_word' id='word_1_129' title='bbox 166 2593 199 2604; x_wconf 88' lang='grc'><strong>..</strong></span> <span class='ocrx_word' id='word_1_130' title='bbox 217 2592 252 2602; x_wconf 90' lang='grc'>-</span> <span class='ocrx_word' id='word_1_131' title='bbox 269 2593 303 2602; x_wconf 89' lang='grc'>-</span> <span class='ocrx_word' id='word_1_132' title='bbox 322 2557 387 2615; x_wconf 86' lang='lat' dir='ltr'><strong>Quis</strong></span> <span class='ocrx_word' id='word_1_133' title='bbox 406 2563 454 2622; x_wconf 91' lang='lat' dir='ltr'><strong>est,</strong></span> <span class='ocrx_word' id='word_1_134' title='bbox 480 2557 525 2624; x_wconf 80' lang='lat' dir='ltr'><strong>qui</strong></span> <span class='ocrx_word' id='word_1_135' title='bbox 549 2558 623 2610; x_wconf 86' lang='lat' dir='ltr'><strong>satis</strong></span> <span class='ocrx_word' id='word_1_136' title='bbox 645 2559 780 2611; x_wconf 85' lang='lat' dir='ltr'><strong>celebrare</strong></span> <span class='ocrx_word' id='word_1_137' title='bbox 794 2559 884 2627; x_wconf 86' lang='lat' dir='ltr'><strong>possit</strong></span> <span class='ocrx_word' id='word_1_138' title='bbox 894 2557 982 2623; x_wconf 82' lang='lat' dir='ltr'><strong>filium</strong></span> <span class='ocrx_word' id='word_1_139' title='bbox 998 2555 1132 2624; x_wconf 85' lang='lat' dir='ltr'><strong>ueritatis,</strong></span> 
     </span>
     <span class='ocr_line' id='line_1_19' title="bbox 166 2660 1136 2732; baseline -0.006 -16"><span class='ocrx_word' id='word_1_140' title='bbox 166 2663 212 2732; x_wconf 74' lang='lat' dir='ltr'><strong>qni</strong></span> <span class='ocrx_word' id='word_1_141' title='bbox 228 2663 309 2714; x_wconf 89' lang='lat' dir='ltr'><strong>nobis</strong></span> <span class='ocrx_word' id='word_1_142' title='bbox 328 2666 437 2714; x_wconf 75' lang='lat' dir='ltr'><strong>exortus</strong></span> <span class='ocrx_word' id='word_1_143' title='bbox 455 2667 510 2726; x_wconf 86' lang='lat' dir='ltr'><strong>est,</strong></span> <span class='ocrx_word' id='word_1_144' title='bbox 537 2678 608 2729; x_wconf 81' lang='lat' dir='ltr'><strong>quern</strong></span> <span class='ocrx_word' id='word_1_145' title='bbox 619 2662 693 2730; x_wconf 86' lang='lat' dir='ltr'><strong>justi</strong></span> <span class='ocrx_word' id='word_1_146' title='bbox 709 2662 738 2714; x_wconf 89' lang='lat' dir='ltr'><strong>iu</strong></span> <span class='ocrx_word' id='word_1_147' title='bbox 756 2663 889 2715; x_wconf 88' lang='lat' dir='ltr'><strong>aetatibus</strong></span> <span class='ocrx_word' id='word_1_148' title='bbox 906 2661 965 2714; x_wconf 88' lang='lat' dir='ltr'><strong>suis</strong></span> <span class='ocrx_word' id='word_1_149' title='bbox 981 2661 1072 2714; x_wconf 87' lang='lat' dir='ltr'><strong>uidere</strong></span> <span class='ocrx_word' id='word_1_150' title='bbox 1089 2660 1136 2713; x_wconf 86' lang='lat' dir='ltr'><strong>de·</strong></span> 
     </span>
     <span class='ocr_line' id='line_1_20' title="bbox 166 2763 1137 2831; baseline -0.002 -12"><span class='ocrx_word' id='word_1_151' title='bbox 166 2768 331 2819; x_wconf 87' lang='lat' dir='ltr'><strong>siderarunt.</strong></span> <span class='ocrx_word' id='word_1_152' title='bbox 371 2764 490 2816; x_wconf 82' lang='lat' dir='ltr'><strong>Adamas</strong></span> <span class='ocrx_word' id='word_1_153' title='bbox 508 2763 580 2816; x_wconf 89' lang='lat' dir='ltr'><strong>illum</strong></span> <span class='ocrx_word' id='word_1_154' title='bbox 598 2765 751 2831; x_wconf 79' lang='lat' dir='ltr'><strong>exoptabat,</strong></span> <span class='ocrx_word' id='word_1_155' title='bbox 768 2781 876 2831; x_wconf 75' lang='lat' dir='ltr'><strong>auinaue</strong></span> <span class='ocrx_word' id='word_1_156' title='bbox 892 2766 940 2818; x_wconf 91' lang='lat' dir='ltr'><strong>ille</strong></span> <span class='ocrx_word' id='word_1_157' title='bbox 956 2770 1016 2818; x_wconf 88' lang='lat' dir='ltr'><strong>erat</strong></span> <span class='ocrx_word' id='word_1_158' title='bbox 1034 2763 1137 2818; x_wconf 81' lang='lat' dir='ltr'><strong>ctera·</strong></span> 
     </span>
     <span class='ocr_line' id='line_1_21' title="bbox 167 2867 1139 2935; baseline -0.002 -14"><span class='ocrx_word' id='word_1_159' title='bbox 167 2870 257 2921; x_wconf 87' lang='lat' dir='ltr'><strong>boram</strong></span> <span class='ocrx_word' id='word_1_160' title='bbox 275 2867 392 2919; x_wconf 88' lang='lat' dir='ltr'><strong>dominas</strong></span> <span class='ocrx_word' id='word_1_161' title='bbox 418 2867 529 2932; x_wconf 79' lang='lat' dir='ltr'><strong>ideoque</strong></span> <span class='ocrx_word' id='word_1_162' title='bbox 553 2867 695 2919; x_wconf 84' lang='lat' dir='ltr'><strong>restituere</strong></span> <span class='ocrx_word' id='word_1_163' title='bbox 718 2873 743 2918; x_wconf 90' lang='lat' dir='ltr'><strong>et</strong></span> <span class='ocrx_word' id='word_1_164' title='bbox 765 2869 890 2920; x_wconf 85' lang='lat' dir='ltr'><strong>reducere</strong></span> <span class='ocrx_word' id='word_1_165' title='bbox 907 2884 961 2920; x_wconf 92' lang='lat' dir='ltr'><strong>eum</strong></span> <span class='ocrx_word' id='word_1_166' title='bbox 976 2874 1083 2935; x_wconf 87' lang='lat' dir='ltr'><strong>poterat</strong></span> <span class='ocrx_word' id='word_1_167' title='bbox 1100 2867 1139 2920; x_wconf 85' lang='lat' dir='ltr'><strong>ad</strong></span> 
     </span>
     <span class='ocr_line' id='line_1_22' title="bbox 166 2968 1138 3035; baseline -0.005 -10"><span class='ocrx_word' id='word_1_168' title='bbox 166 2987 257 3025; x_wconf 87' lang='lat' dir='ltr'><strong>ramos</strong></span> <span class='ocrx_word' id='word_1_169' title='bbox 275 2970 383 3022; x_wconf 89' lang='lat' dir='ltr'><strong>arboris</strong></span> <span class='ocrx_word' id='word_1_170' title='bbox 397 2968 477 3022; x_wconf 84' lang='lat' dir='ltr'><strong>vitae.</strong></span> <span class='ocrx_word' id='word_1_171' title='bbox 512 2969 615 3020; x_wconf 80' lang='lat' dir='ltr'><strong>Abelus</strong></span> <span class='ocrx_word' id='word_1_172' title='bbox 629 2968 701 3020; x_wconf 87' lang='lat' dir='ltr'><strong>illam</strong></span> <span class='ocrx_word' id='word_1_173' title='bbox 715 2969 851 3035; x_wconf 78' lang='lat' dir='ltr'><strong>exoptavit</strong></span> <span class='ocrx_word' id='word_1_174' title='bbox 865 2969 986 3035; x_wconf 76' lang='lat' dir='ltr'><strong>illumque</strong></span> <span class='ocrx_word' id='word_1_175' title='bbox 1001 2969 1029 3020; x_wconf 87' lang='lat' dir='ltr'><strong>in</strong></span> <span class='ocrx_word' id='word_1_176' title='bbox 1044 2969 1138 3020; x_wconf 88' lang='lat' dir='ltr'><strong>diebus</strong></span> 
     </span>
     <span class='ocr_line' id='line_1_23' title="bbox 167 3070 1138 3139; baseline -0.006 -13"><span class='ocrx_word' id='word_1_177' title='bbox 167 3074 226 3126; x_wconf 87' lang='lat' dir='ltr'><strong>suis</strong></span> <span class='ocrx_word' id='word_1_178' title='bbox 244 3079 376 3124; x_wconf 86' lang='lat' dir='ltr'><strong>ventarum</strong></span> <span class='ocrx_word' id='word_1_179' title='bbox 395 3088 453 3123; x_wconf 89' lang='lat' dir='ltr'><strong>esse</strong></span> <span class='ocrx_word' id='word_1_180' title='bbox 470 3072 597 3139; x_wconf 88' lang='lat' dir='ltr'><strong>speravit,</strong></span> <span class='ocrx_word' id='word_1_181' title='bbox 619 3077 648 3124; x_wconf 88' lang='lat' dir='ltr'><strong>ut</strong></span> <span class='ocrx_word' id='word_1_182' title='bbox 661 3087 713 3138; x_wconf 90' lang='lat' dir='ltr'><strong>pro</strong></span> <span class='ocrx_word' id='word_1_183' title='bbox 732 3087 815 3137; x_wconf 80' lang='lat' dir='ltr'><strong>agno,</strong></span> <span class='ocrx_word' id='word_1_184' title='bbox 834 3087 905 3138; x_wconf 78' lang='lat' dir='ltr'><strong>quern</strong></span> <span class='ocrx_word' id='word_1_185' title='bbox 922 3070 1025 3136; x_wconf 88' lang='lat' dir='ltr'><strong>obtulit,</strong></span> <span class='ocrx_word' id='word_1_186' title='bbox 1043 3070 1138 3137; x_wconf 88' lang='lat' dir='ltr'><strong>adspi-</strong></span> 
     </span>
     <span class='ocr_line' id='line_1_24' title="bbox 168 3172 1137 3240; baseline -0.006 -10"><span class='ocrx_word' id='word_1_187' title='bbox 168 3181 241 3229; x_wconf 85' lang='lat' dir='ltr'><strong>ceret</strong></span> <span class='ocrx_word' id='word_1_188' title='bbox 259 3189 355 3238; x_wconf 80' lang='lat' dir='ltr'><strong>agnum</strong></span> <span class='ocrx_word' id='word_1_189' title='bbox 372 3174 434 3227; x_wconf 87' lang='lat' dir='ltr'><strong>Dei.</strong></span> <span class='ocrx_word' id='word_1_190' title='bbox 480 3177 542 3227; x_wconf 87' lang='lat' dir='ltr'><strong>an</strong></span> <span class='ocrx_word' id='word_1_191' title='bbox 563 3175 635 3227; x_wconf 88' lang='lat' dir='ltr'><strong>illum</strong></span> <span class='ocrx_word' id='word_1_192' title='bbox 652 3175 751 3229; x_wconf 87' lang='lat' dir='ltr'><strong>intuita</strong></span> <span class='ocrx_word' id='word_1_193' title='bbox 768 3181 823 3240; x_wconf 78' lang='lat' dir='ltr'><strong>est3</strong></span> <span class='ocrx_word' id='word_1_194' title='bbox 849 3174 958 3227; x_wconf 89' lang='lat' dir='ltr'><strong>auditas</strong></span> <span class='ocrx_word' id='word_1_195' title='bbox 977 3173 1042 3226; x_wconf 88' lang='lat' dir='ltr'><strong>enim</strong></span> <span class='ocrx_word' id='word_1_196' title='bbox 1052 3172 1137 3239; x_wconf 83' lang='lat' dir='ltr'><strong>semi·</strong></span> 
     </span>
     <span class='ocr_line' id='line_1_25' title="bbox 167 3275 1139 3345; baseline -0.003 -15"><span class='ocrx_word' id='word_1_197' title='bbox 167 3294 260 3332; x_wconf 84' lang='lat' dir='ltr'><strong>aarum</strong></span> <span class='ocrx_word' id='word_1_198' title='bbox 277 3292 375 3341; x_wconf 77' lang='lat' dir='ltr'><strong>magna</strong></span> <span class='ocrx_word' id='word_1_199' title='bbox 384 3277 462 3342; x_wconf 89' lang='lat' dir='ltr'><strong>fuit,</strong></span> <span class='ocrx_word' id='word_1_200' title='bbox 490 3285 568 3345; x_wconf 83' lang='lat' dir='ltr'><strong>atque</strong></span> <span class='ocrx_word' id='word_1_201' title='bbox 591 3280 637 3332; x_wconf 76' lang='lat' dir='ltr'><strong>ille</strong></span> <span class='ocrx_word' id='word_1_202' title='bbox 652 3283 760 3344; x_wconf 89' lang='lat' dir='ltr'><strong>poterat</strong></span> <span class='ocrx_word' id='word_1_203' title='bbox 777 3294 824 3329; x_wconf 90' lang='lat' dir='ltr'><strong>eas</strong></span> <span class='ocrx_word' id='word_1_204' title='bbox 841 3277 964 3341; x_wconf 85' lang='lat' dir='ltr'><strong>induere,</strong></span> <span class='ocrx_word' id='word_1_205' title='bbox 986 3289 1038 3344; x_wconf 89' lang='lat' dir='ltr'><strong>pro</strong></span> <span class='ocrx_word' id='word_1_206' title='bbox 1049 3275 1139 3341; x_wconf 82' lang='lat' dir='ltr'><strong>soliis</strong></span> 
     </span>
     <span class='ocr_line' id='line_1_26' title="bbox 168 3378 1138 3449; baseline -0.005 -14"><span class='ocrx_word' id='word_1_207' title='bbox 168 3381 294 3447; x_wconf 84' lang='lat' dir='ltr'><strong>gloriae,</strong></span> <span class='ocrx_word' id='word_1_208' title='bbox 326 3396 392 3448; x_wconf 82' lang='lat' dir='ltr'><strong>qaae</strong></span> <span class='ocrx_word' id='word_1_209' title='bbox 418 3380 553 3434; x_wconf 85' lang='lat' dir='ltr'><strong>amiserat.</strong></span> <span class='ocrx_word' id='word_1_210' title='bbox 607 3381 720 3446; x_wconf 88' lang='lat' dir='ltr'><strong>Turris,</strong></span> <span class='ocrx_word' id='word_1_211' title='bbox 755 3396 826 3449; x_wconf 82' lang='lat' dir='ltr'><strong>quem</strong></span> <span class='ocrx_word' id='word_1_212' title='bbox 854 3381 1031 3445; x_wconf 85' lang='lat' dir='ltr'><strong>aedificarunt</strong></span> <span class='ocrx_word' id='word_1_213' title='bbox 1054 3378 1138 3444; x_wconf 89' lang='lat' dir='ltr'><strong>malti,</strong></span> 
     </span>
     <span class='ocr_line' id='line_1_27' title="bbox 168 3481 1139 3553; baseline -0.002 -16"><span class='ocrx_word' id='word_1_214' title='bbox 168 3484 316 3553; x_wconf 84' lang='lat' dir='ltr'><strong>mysterium</strong></span> <span class='ocrx_word' id='word_1_215' title='bbox 332 3484 411 3536; x_wconf 85' lang='lat' dir='ltr'><strong>unias</strong></span> <span class='ocrx_word' id='word_1_216' title='bbox 426 3483 621 3552; x_wconf 79' lang='lat' dir='ltr'><strong>prospectarit,</strong></span> <span class='ocrx_word' id='word_1_217' title='bbox 648 3484 694 3552; x_wconf 81' lang='lat' dir='ltr'><strong>qui</strong></span> <span class='ocrx_word' id='word_1_218' title='bbox 716 3484 865 3550; x_wconf 88' lang='lat' dir='ltr'><strong>descendit,</strong></span> <span class='ocrx_word' id='word_1_219' title='bbox 892 3490 922 3536; x_wconf 90' lang='lat' dir='ltr'><strong>ut</strong></span> <span class='ocrx_word' id='word_1_220' title='bbox 945 3488 1093 3536; x_wconf 79' lang='lat' dir='ltr'><strong>exstrueret</strong></span> <span class='ocrx_word' id='word_1_221' title='bbox 1109 3481 1139 3535; x_wconf 88' lang='lat' dir='ltr'><strong>in</strong></span> 
     </span>
     <span class='ocr_line' id='line_1_28' title="bbox 170 3585 1139 3654; baseline -0.002 -16"><span class='ocrx_word' id='word_1_222' title='bbox 170 3589 253 3640; x_wconf 85' lang='lat' dir='ltr'><strong>terris</strong></span> <span class='ocrx_word' id='word_1_223' title='bbox 271 3586 378 3650; x_wconf 88' lang='lat' dir='ltr'><strong>turrim,</strong></span> <span class='ocrx_word' id='word_1_224' title='bbox 407 3587 452 3654; x_wconf 82' lang='lat' dir='ltr'><strong>qai</strong></span> <span class='ocrx_word' id='word_1_225' title='bbox 469 3588 611 3639; x_wconf 89' lang='lat' dir='ltr'><strong>adduceret</strong></span> <span class='ocrx_word' id='word_1_226' title='bbox 628 3588 665 3638; x_wconf 80' lang='lat' dir='ltr'><strong>ad</strong></span> <span class='ocrx_word' id='word_1_227' title='bbox 682 3588 786 3640; x_wconf 87' lang='lat' dir='ltr'><strong>eoelum.</strong></span> <span class='ocrx_word' id='word_1_228' title='bbox 829 3588 921 3640; x_wconf 80' lang='lat' dir='ltr'><strong>Areae</strong></span> <span class='ocrx_word' id='word_1_229' title='bbox 946 3586 1025 3638; x_wconf 86' lang='lat' dir='ltr'><strong>etiam</strong></span> <span class='ocrx_word' id='word_1_230' title='bbox 1049 3585 1139 3637; x_wconf 84' lang='lat' dir='ltr'><strong>uiuen-</strong></span> 
     </span>
     <span class='ocr_line' id='line_1_29' title="bbox 170 3686 1138 3759; baseline -0.003 -18"><span class='ocrx_word' id='word_1_231' title='bbox 170 3691 233 3742; x_wconf 87' lang='lat' dir='ltr'><strong>tium</strong></span> <span class='ocrx_word' id='word_1_232' title='bbox 251 3696 336 3759; x_wconf 88' lang='lat' dir='ltr'><strong>typus,</strong></span> <span class='ocrx_word' id='word_1_233' title='bbox 357 3691 541 3756; x_wconf 88' lang='lat' dir='ltr'><strong>prospectaoit</strong></span> <span class='ocrx_word' id='word_1_234' title='bbox 557 3689 683 3742; x_wconf 87' lang='lat' dir='ltr'><strong>dominum</strong></span> <span class='ocrx_word' id='word_1_235' title='bbox 699 3696 831 3755; x_wconf 87' lang='lat' dir='ltr'><strong>nostrum;</strong></span> <span class='ocrx_word' id='word_1_236' title='bbox 857 3705 964 3758; x_wconf 82' lang='lat' dir='ltr'><strong>namque</strong></span> <span class='ocrx_word' id='word_1_237' title='bbox 980 3688 1026 3743; x_wconf 81' lang='lat' dir='ltr'><strong>laic</strong></span> <span class='ocrx_word' id='word_1_238' title='bbox 1043 3686 1138 3750; x_wconf 83' lang='lat' dir='ltr'><strong>aedifi·</strong></span> 
     </span>
     <span class='ocr_line' id='line_1_30' title="bbox 170 3773 1139 3860; baseline -0.002 -18"><span class='ocrx_word' id='word_1_239' title='bbox 170 3793 243 3844; x_wconf 85' lang='lat' dir='ltr'><strong>cavit</strong></span> <span class='ocrx_word' id='word_1_240' title='bbox 268 3799 387 3845; x_wconf 83' lang='lat' dir='ltr'><strong>sanctam</strong></span> <span class='ocrx_word' id='word_1_241' title='bbox 416 3773 566 3858; x_wconf 87' lang='lat' dir='ltr'><strong>ecclesiam,</strong></span> <span class='ocrx_word' id='word_1_242' title='bbox 600 3809 651 3860; x_wconf 83' lang='lat' dir='ltr'><strong>qua</strong></span> <span class='ocrx_word' id='word_1_243' title='bbox 672 3799 852 3860; x_wconf 83' lang='lat' dir='ltr'><strong>proteguntur</strong></span> <span class='ocrx_word' id='word_1_244' title='bbox 880 3794 990 3846; x_wconf 86' lang='lat' dir='ltr'><strong>animae.</strong></span> <span class='ocrx_word' id='word_1_245' title='bbox 1034 3790 1139 3843; x_wconf 88' lang='lat' dir='ltr'><strong>Diebus</strong></span> 
     </span>
     <span class='ocr_line' id='line_1_31' title="bbox 171 3890 1139 3962; baseline -0.01 -11"><span class='ocrx_word' id='word_1_246' title='bbox 171 3895 289 3960; x_wconf 77' lang='lat' dir='ltr'><strong>Ptategi</strong></span> <span class='ocrx_word' id='word_1_247' title='bbox 313 3896 403 3948; x_wconf 84' lang='lat' dir='ltr'><strong>divisa</strong></span> <span class='ocrx_word' id='word_1_248' title='bbox 426 3900 466 3946; x_wconf 91' lang='lat' dir='ltr'><strong>est</strong></span> <span class='ocrx_word' id='word_1_249' title='bbox 488 3901 562 3947; x_wconf 90' lang='lat' dir='ltr'><strong>terra</strong></span> <span class='ocrx_word' id='word_1_250' title='bbox 583 3895 612 3946; x_wconf 87' lang='lat' dir='ltr'><strong>in</strong></span> <span class='ocrx_word' id='word_1_251' title='bbox 633 3896 807 3962; x_wconf 81' lang='lat' dir='ltr'><strong>septuaginta</strong></span> <span class='ocrx_word' id='word_1_252' title='bbox 824 3896 949 3960; x_wconf 83' lang='lat' dir='ltr'><strong>liugaas;</strong></span> <span class='ocrx_word' id='word_1_253' title='bbox 975 3890 1139 3961; x_wconf 77' lang='lat' dir='ltr'><strong>exspectavit</strong></span> 
     </span>
    </p>
   </div>
   <div class='ocr_carea' id='block_1_5' title="bbox 173 3986 1230 4068">
    <p class='ocr_par' dir='ltr' id='par_1_5' title="bbox 173 3986 1230 4068">
     <span class='ocr_line' id='line_1_32' title="bbox 173 3986 1230 4068; baseline -0.004 -16"><span class='ocrx_word' id='word_1_254' title='bbox 173 4016 235 4066; x_wconf 89' lang='lat' dir='ltr'><strong>eam,</strong></span> <span class='ocrx_word' id='word_1_255' title='bbox 254 3999 300 4068; x_wconf 80' lang='lat' dir='ltr'><strong>yai</strong></span> <span class='ocrx_word' id='word_1_256' title='bbox 314 4016 366 4066; x_wconf 87' lang='lat' dir='ltr'><strong>pro</strong></span> <span class='ocrx_word' id='word_1_257' title='bbox 384 3997 488 4062; x_wconf 78' lang='lat' dir='ltr'><strong>linguis</strong></span> <span class='ocrx_word' id='word_1_258' title='bbox 513 3999 599 4051; x_wconf 88' lang='lat' dir='ltr'><strong>orbem</strong></span> <span class='ocrx_word' id='word_1_259' title='bbox 620 3998 714 4052; x_wconf 84' lang='lat' dir='ltr'><strong>diuisit</strong></span> <span class='ocrx_word' id='word_1_260' title='bbox 731 4000 875 4068; x_wconf 81' lang='lat' dir='ltr'><strong>Apostolis</strong></span> <span class='ocrx_word' id='word_1_261' title='bbox 891 3999 957 4051; x_wconf 89' lang='lat' dir='ltr'><strong>sais.</strong></span> <span class='ocrx_word' id='word_1_262' title='bbox 1001 3993 1138 4050; x_wconf 84' lang='lat' dir='ltr'><strong>Silentium</strong></span> <span class='ocrx_word' id='word_1_263' title='bbox 1226 3986 1230 3992; x_wconf 46' lang='lat'><strong>¹</strong></span> 
     </span>
    </p>
   </div>
   <div class='ocr_carea' id='block_1_6' title="bbox 856 4101 984 4155">
    <p class='ocr_par' dir='ltr' id='par_1_6' title="bbox 856 4101 984 4155">
     <span class='ocr_line' id='line_1_33' title="bbox 856 4101 984 4155; baseline 0.016 -2"><span class='ocrx_word' id='word_1_264' title='bbox 856 4101 984 4155; x_wconf 55' lang='lat'><strong>*12</strong></span> 
     </span>
    </p>
   </div>
   <div class='ocr_carea' id='block_1_7' title="bbox 0 0 1331 4906">
    <p class='ocr_par' dir='ltr' id='par_1_7' title="bbox 0 0 1331 4906">
     <span class='ocr_line' id='line_1_34' title="bbox 0 0 1331 4906; baseline 0 0"><span class='ocrx_word' id='word_1_265' title='bbox 0 0 1331 4906; x_wconf 95' lang='lat' dir='ltr'><strong> </strong></span> 
     </span>
    </p>
   </div>
  </div>
 </body>
</html>
