2626 4906
1014 602 1065 683 le

83 828 179 881 sane
205 801 441 904 explicatum
466 802 642 880 videmus
668 806 725 900 ῃ9).
788 806 966 883 Alterum
993 766 1084 905 θεῖ.

84 943 212 1040 Regg.
240 941 376 1037 18,16.
405 941 453 1036 (Ι.
473 967 512 1042 p.
527 942 676 1036 iesu)
703 955 1063 1053 ananam-,inbrium

82 1107 125 1162 ari
140 1097 231 1172 riser
244 1106 356 1170 saara
369 1095 576 1186 nisteronem
598 1097 667 1171 usu
681 1108 762 1186 uari
783 1099 823 1164 ur
841 1104 913 1156 oon
945 1099 1064 1158 ostem

81 1216 247 1293 hebraeo
272 1241 378 1314 quom
402 1241 503 1290 more
529 1215 655 1290 reddis
687 1218 874 1322 interpres
912 1221 1062 1320 (syrus)

82 1356 197 1430 etium
208 1376 285 1456 pro
304 1377 439 1427 occasu
454 1354 582 1447 (solis)
601 1355 641 1428 in
659 1379 728 1428 usu
745 1372 874 1432 eat.-
892 1358 1062 1433 Aliunde

82 1517 185 1568 vero
211 1492 349 1591 colligi
376 1491 509 1586 debet,
539 1492 775 1568 iudaeorum
800 1494 996 1594 responsis
1020 1495 1064 1569 in

83 1655 265 1706 errorem
313 1655 411 1703 eum·
446 1628 650 1703 inductum
698 1655 782 1706 esse
831 1644 874 1707 et
921 1631 1064 1706 insulsa

80 1767 276 1868 quaedam
299 1766 510 1866 protulisse
536 1792 819 1865 nonnunquam.
862 1768 1064 1866 Ejusmodi

80 1916 173 1980 sunt
199 1929 299 2002 quae
326 1905 376 1981 ad
392 1903 524 1980 locum
543 1904 565 1978 1
581 1903 679 1984 Sam.
694 1905 757 1999 23,
771 1904 831 1981 28.
846 1905 894 1997 (Ι.
909 1905 996 1982 378.
1008 1907 1061 1998 Ε)
1175 1913 1179 1922 ’

80 2045 135 2118 de
160 2041 356 2119 vocabulo
383 2041 535 2141 syriaco
572 2059 684 2140 anais,
717 2042 823 2140 quod
848 2014 1063 2121 hebraeum

81 2164 216 2280 putat',
260 2178 436 2278 magistri
461 2203 652 2291 responso
677 2180 873 2279 deceptus
900 2180 1064 2279 quidem

82 2329 127 2392 et
149 2319 322 2412 fucatus,
362 2316 534 2396 somniat.
604 2316 716 2393 Haec
756 2317 789 2393 si
822 2342 1063 2417 cognoscere

82 2455 243 2556 cupias,
291 2454 467 2529 consulas
493 2454 623 2530 virum
649 2454 808 2528 doctum
835 2453 1063 2530 Credne·

74 2596 210 2687 ium,
251 2618 356 2666 nunc
392 2594 622 2687 Jenensem,
667 2593 736 2691 qui
779 2593 892 2667 illum
931 2592 1062 2672 locum

77 2733 313 2834 conjectura
337 2729 542 2830 praeclare
569 2742 795 2829 assequutus
821 2741 880 2806 est
904 2730 960 2825 ²⁰).

159 3008 198 3087 6.
249 3005 361 3083 Haeo
406 3004 488 3080 dixi
520 3005 683 3081 brevius
725 3005 931 3104 equidem,
972 2971 1061 3082 eum

79 3154 209 3223 totum
247 3169 371 3246 genus
408 3144 489 3219 tale
524 3152 644 3236 esset,
691 3142 799 3246 quod
831 3141 966 3242 paucis
992 3143 1062 3217 de=

79 3341 306 3358 ψ

136 3443 185 3504 29)
203 3439 238 3493 In
263 3437 410 3511 praeclaro
435 3436 511 3490 libro
528 3453 611 3504 quem
640 3434 800 3503 inscripsitt
826 3435 872 3491 De
897 3433 1009 3504 origine
1033 3441 1062 3490 et

82 3545 181 3601 indole
200 3543 329 3599 arabicae
347 3542 381 3600 L.
399 3541 434 3599 L.
452 3540 492 3596 V.
510 3541 543 3594 T.
569 3540 633 3594 hist.
660 3539 891 3608 interpseiasione
909 3537 977 3593 libri
994 3538 1059 3597 duo.

83 3649 177 3715 (Halis
195 3649 263 3708 Sex.
282 3645 504 3701 clolscccxnx.
522 3646 560 3708 Δ.)
578 3663 607 3715 p.
627 3648 668 3700 10.
688 3660 750 3699 ann.
768 3647 794 3701 9.
1047 3648 1050 3652 “

135 3791 182 3852 30)
207 3787 282 3842 Car.
305 3784 389 3854 Aug.
417 3783 575 3838 Credner
608 3781 646 3835 de
680 3781 886 3855 Prophetarum
923 3782 1061 3837 minorum

83 3890 236 3947 versionis
251 3887 389 3963 Syriacae
400 3887 505 3945 indole.
522 3885 598 3946 Dies.
612 3885 1060 3956 1.(G0tung.uoc.ccxxv11)

82 4013 112 4066 p.
131 3997 173 4054 41.
822 4046 826 4052 .

865 4095 886 4154 2
901 4094 918 4128 t
