2626 4906
260 568 335 673 im

256 813 452 902 typorum,
477 797 520 875 in
537 797 754 874 hominibus
771 799 910 876 sanctis
930 801 1228 898 delineatum,

255 936 482 1037 mysterium
531 938 785 1036 persolverit,
839 941 1013 1038 mysticus
1059 942 1229 1017 Judaeus

249 1213 338 1277 fllium
371 1219 504 1277 sanctum,
542 1226 593 1279 quo
628 1218 850 1266 consecrarentur
870 1211 1068 1278 fornicatores.
1123 1215 1230 1281 Gemini

248 1318 375 1382 fratres,
403 1315 448 1382 qui
473 1314 611 1368 Nouellum
634 1322 819 1381 contegerent,
846 1317 939 1368 intuiti
964 1325 1025 1370 sunt
1054 1318 1230 1384 Unigenitum

256 1419 312 1472 Dei
330 1421 368 1482 (et
386 1420 603 1486 exspectarunt),
621 1419 699 1484 sore,
724 1425 754 1470 ul
774 1419 875 1472 veniret
893 1420 944 1482 (ot)
963 1422 1100 1485 obtegeret
1116 1423 1229 1475 nudita-

256 1530 305 1575 tem
327 1522 454 1586 Λιίιιιηι,4
469 1521 514 1591 qai
539 1521 665 1588 superbia
688 1537 739 1573 sua
763 1521 911 1574 inebriatus
938 1529 1005 1575 erat.
1050 1523 1176 1578 Sciemus
1203 1532 1230 1579 et

255 1626 394 1694 dupletur,
412 1633 540 1692 tamquam
551 1623 738 1676 misericordes
755 1626 945 1690 exspectabant
954 1625 1015 1688 filii
1027 1625 1104 1690 (Dei)
1117 1627 1228 1682 miseri-

255 1731 384 1793 cordiam,
403 1728 448 1796 qui
456 1729 571 1792 suturas
590 1733 657 1791 erat,
681 1733 711 1779 ut
726 1726 870 1778 ueniretet
888 1728 1017 1780 liberaret
1035 1729 1189 1782 Ganaanem
1208 1748 1229 1784 a

256 1832 383 1886 seruitute
404 1828 519 1899 peccati.
568 1828 783 1915 Melchisedelnus
812 1830 885 1882 illum
915 1832 1092 1911 exspectauitj
1122 1849 1228 1887 munere

257 1933 444 2000 (sacerdotati,
463 1931 538 2000 quod
555 1930 659 1986 Christi
679 1941 721 1985 est
737 1931 896 1999 proprium)
915 1933 1050 1998 fungens,
1065 1943 1227 2003 prospecta·

256 2041 311 2105 bat,
329 2046 358 2091 ut
375 2038 477 2091 videret
494 2037 621 2089 dominum
637 2035 801 2102 sacerdotii,
828 2038 905 2102 cnjus
929 2035 1062 2104 hyssopus
1085 2039 1229 2093 dealbaret

257 2149 406 2209 creaturas.
449 2138 621 2205 Cognoverat
644 2139 763 2203 Lollius,
789 2138 943 2192 Sodomitas
968 2147 1082 2192 naturae
1109 2141 1229 2195 ordinem

254 2244 431 2313 pervertisse3
458 2243 586 2296 dominnm
610 2258 697 2295 rernm
728 2248 882 2296 naturarum
913 2244 1155 2310 contemplabatur,
1182 2242 1229 2312 qui

257 2348 427 2400 communicat
444 2346 617 2412 sanctitatem,
635 2352 757 2397 naturam
775 2347 943 2398 excedentem.
986 2347 1064 2398 Illum
1086 2353 1227 2414 exspecta·

256 2450 296 2504 vit
308 2451 413 2515 Aaron,
430 2449 478 2516 ,qui
488 2421 663 2518 intelligeret,
682 2447 708 2499 si
721 2447 830 2500 baculus
843 2464 908 2500 suus
924 2448 1054 2502 devorare
1069 2449 1228 2518 turpentes,

250 2554 427 2620 forestium,
453 2557 483 2605 ut
508 2567 575 2604 eruc
601 2551 664 2621 ejus,
687 2549 827 2617 devoraret
849 2557 1007 2618 sementem,
1034 2550 1079 2620 qni
1100 2560 1229 2606 vorasset

257 2628 385 2710 Adamana
403 2661 429 2708 et
446 2656 537 2708 Euam.
584 2653 662 2709 Vidit
679 2653 791 2720 Moses,
818 2668 929 2717 anguem
954 2655 1090 2717 (aeneum)
1113 2655 1229 2719 deflerem

259 2759 358 2822 (humi)
385 2774 483 2811 sanare
508 2773 611 2809 marsus
637 2757 773 2825 aspidum
807 2757 927 2825 sperauit
952 2757 1055 2826 igitur,
1081 2759 1166 2826 sore,
1198 2764 1229 2813 ut

257 2862 410 2930 adspiceret
427 2878 489 2928 eum,
508 2860 553 2930 qui
568 2860 743 2915 medicaretur
760 2860 827 2913 ictui
843 2861 975 2927 serpentis
992 2860 1104 2928 antiqui.
1147 2861 1229 2918 Vidit

256 2960 366 3032 Moses,
385 2983 414 3019 se
430 2982 505 3020 unum
521 2964 657 3031 accepisse
675 2965 837 3032 splendorem
855 2963 954 3026 (nnius)
970 2964 1026 3016 Dei
1043 2971 1068 3017 et
1086 2973 1228 3034 exspecta·

256 3072 296 3124 vit
314 3087 375 3138 eum,
391 3069 439 3141 ¹qui
455 3075 579 3122 venturus
597 3075 623 3120 et
641 3069 783 3134 effecturus
800 3073 860 3119 erat
873 3068 966 3132 plures
983 3065 1047 3119 deos
1065 3068 1104 3130 (h.
1119 3084 1145 3122 e.
1165 3065 1228 3122 dei·

257 3175 375 3240 formes,
409 3187 543 3240 personas
575 3187 673 3238 nempe
706 3169 829 3236 ejusdem
858 3168 969 3222 divinae
999 3168 1170 3223 substantiae
1197 3170 1228 3226 in

257 3276 403 3332 Trinitatis
420 3275 566 3347 mysterio)
584 3274 613 3326 iu
630 3274 753 3328 doctrina
770 3290 828 3327 sua.
873 3272 970 3340 dolel,
994 3274 1152 3340 eruloratar
1169 3273 1226 3342 ille,

257 3381 378 3445 gestavit
394 3380 495 3431 botrum
511 3378 540 3429 in
556 3385 628 3429 vecte
646 3380 671 3429 et
688 3377 817 3440 accessit3
841 3374 1013 3441 exspectavit,
1024 3377 1109 3442 sore,
1135 3383 1166 3430 ul
1182 3376 1225 3430 ia·

204 3504 205 3509 ¹
258 3488 376 3534 tueretur
393 3482 500 3547 botrum,
519 3482 596 3546 cujus
612 3480 698 3531 vinum
715 3476 900 3532 consolaretur
916 3487 1063 3534 creaturae.
1107 3481 1153 3535 De
1175 3479 1225 3535 illo

257 3584 422 3651 exspectavit
439 3586 529 3648 Jesus,
542 3582 621 3646 filius
638 3583 711 3646 Nun,
722 3583 800 3648 fore,
825 3589 854 3635 ut
871 3583 1028 3651 exprimeret
1043 3584 1095 3636 vim
1110 3583 1226 3638 nominis

258 3686 312 3751 sui,
335 3703 394 3737 uam
411 3686 437 3738 si
453 3686 554 3739 nomine
571 3688 630 3753 ejus
648 3684 713 3748 (filii
730 3683 797 3747 Dei)
815 3685 857 3737 ita
868 3689 928 3752 Jam
945 3685 1079 3751 excelluit,
1104 3693 1226 3755 quantun

256 3805 323 3843 sane
339 3787 558 3855 nativitateejus
575 3790 714 3842 excelleret
730 3804 837 3840 necesse
846 3789 924 3855 suil3
942 3788 989 3842 ille
1000 3791 1090 3857 Jesus,
1109 3789 1156 3856 qui
1169 3791 1225 3843 col·

257 3895 327 3958 legit
344 3899 370 3945 et
386 3891 554 3944 vindemiavit
571 3908 704 3958 secumque
721 3892 782 3945 tulit
798 3892 832 3944 de
841 3892 993 3958 fructibus,
1016 3893 1137 3945 arborem
1153 3892 1227 3946 uitae

257 3994 441 4065 respectant,-
461 4000 491 4048 at
514 3996 773 4061 gustarelsruclum
789 3998 862 4065 ejus,
880 3994 927 4066 qui
943 4011 1030 4053 omnes
1047 3995 1105 4050 vita
1119 3993 1223 4064 afficit.
