2626 4906
991 591 1068 667 251

93 811 157 858 nec
178 788 339 858 Baraebi.
389 768 560 857 Nimirum
589 792 723 859 initium
752 792 871 880 hymni
893 794 992 860 ambo
1006 813 1068 861 se·

98 916 274 994 cinerunt,
307 911 369 977 sed
399 910 522 978 exinde
554 934 706 999 quaeque
734 916 864 983 relicua
890 921 969 982 suut
994 917 1072 1002 ipsa

100 1035 239 1100 Deboro
261 1034 396 1100 cecinit.

158 1240 285 1307 lSam.
306 1246 337 1323 1,
350 1242 381 1307 9.
418 1240 577 1306 Surrexit
608 1241 771 1325 (Henna),
805 1249 983 1332 postquam
1014 1265 1071 1310 co·
1142 1264 1155 1279 ‘

85 1362 199 1459 ¹medit
231 1368 264 1426 et
309 1363 415 1444 bibit,
455 1367 494 1428 ut
529 1363 653 1428 marito
700 1384 762 1428 suo
814 1365 1069 1463 obsequeretur,

91 1503 256 1569 suumque
279 1484 432 1548 dolorem
453 1486 652 1569 suppressit,
677 1506 776 1570 quem
798 1492 876 1554 aute
898 1489 1071 1551 dominum

73 1608 334 1672 manifestaret.
380 1604 412 1686 2,
435 1607 490 1671 35.
530 1607 577 1670 Et
599 1608 759 1672 suscitabo
781 1610 858 1674 milri
879 1612 1072 1673 sacerdotem

89 1729 206 1821 (repub)
217 1727 358 1809 fidelem.
403 1725 565 1791 Fortasse
589 1724 778 1793 Samuelem
795 1727 978 1813 significat,
997 1730 1071 1792 sive

90 1870 160 1916 vox
182 1849 268 1939 ⁸3³3,
292 1846 334 1911 de
355 1847 512 1909 ministro
534 1847 669 1936 (urziisu‘)
690 1869 867 1915 sacrorum
889 1849 1073 1937 inteiligiS‚

90 1973 164 2037 sive
187 1969 231 2031 de
251 1969 327 2032 viro
349 1972 569 2051 praepotente
592 1975 626 2032 et
648 1969 754 2036 divite
780 1968 851 2048 ²⁵⁷).
897 1973 929 2050 3,
942 1970 973 2034 9.
1009 1968 1072 2033 Sa-

88 2091 182 2157 muel
208 2094 261 2152 ter
292 2093 434 2151 vocatur
461 2108 482 2151 a
510 2087 583 2151 deo.
640 2087 754 2153 Noctu
789 2097 900 2156 autem
934 2091 1072 2154 vocavit

93 2233 187 2292 eum,
208 2209 297 2294 ,xquia
320 2209 527 2272 enuntiatum
549 2208 754 2274 horrendum
777 2212 854 2278 fuit.
899 2211 1075 2292 Deligitur

91 2339 223 2415 tempus
255 2328 463 2392 horrendum
493 2334 527 2392 et
560 2331 774 2395 tenebrosum
805 2343 939 2414 propter
960 2331 1072 2394 simili-

94 2456 232 2518 tudinem
258 2447 329 2528 ²⁸³).
376 2471 408 2513 v.
434 2452 484 2514 15.
531 2449 577 2516 Et
606 2448 739 2517 Samuel
768 2454 897 2518 timebat
923 2453 1071 2521 indicare

93 2577 243 2639 visionem
266 2569 324 2635 Eli
329 2594 340 2645 ‚·
378 2571 444 2636 etsi
465 2592 532 2634 non
550 2576 668 2654 jussus
691 2573 822 2657 fuerat,
853 2575 927 2638 sive
954 2571 1073 2636 audita

92 2694 224 2759 referre
242 2693 312 2772 Eli,
326 2692 398 2757 sive
416 2694 615 2776 mysterium
629 2693 782 2760 reticere.
827 2690 933 2760 Ratio
950 2694 1075 2770 sutem,

93 2837 157 2881 cur
189 2814 379 2899 praeferret
406 2812 598 2891 silentium,
632 2815 765 2877 exstitit
797 2834 842 2878 ex
869 2811 1077 2878 verecundia

95 2938 285 3028 (spumet
305 2935 427 3000 timore
449 2933 515 2998 dei.
565 2931 699 2997 Puduit
727 2954 868 3019 puerum
890 2940 924 2999 et
944 2931 1076 3016 simpli·
1128 2924 1131 2929 ’

106 3167 321 3182 m

147 3328 211 3390 287)
237 3325 317 3379 Hanc
343 3327 457 3381 niteram
482 3324 561 3381 vocis
579 3344 664 3395 um:
690 3327 926 3396 significationem
953 3321 1070 3396 repetiit

96 3449 114 3486 e
131 3433 226 3500 lingua
244 3447 302 3484 sua.
354 3431 456 3484 Forma
472 3432 573 3498 Etbpa.
592 3447 701 3517 prum
719 3449 785 3486 vere
808 3431 890 3485 etiam
937 3426 1078 3504 siguificat

97 3537 174 3606 quod
193 3538 337 3602 escuelles,
355 3536 442 3590 verbo
461 3549 522 3621 pm
540 3534 719 3602 subscripsit:
745 3551 902 3601 magnarum
911 3534 1075 3588 divitiarum.

99 3645 207 3712 (opum)
226 3656 372 3710 possessor
390 3640 490 3707 sactus
514 3645 564 3693 est.
617 3638 754 3707 Exempla
772 3636 918 3692 considera
935 3637 1013 3701 haec,
1031 3633 1072 3689 11.

99 3749 143 3805 tr.
162 3747 197 3801 A.
216 3750 258 3804 89.
277 3744 312 3799 E.

151 3922 215 3982 288)
234 3919 354 4002 muys-1
370 3920 481 3984 propter
487 3914 694 3980 similitudinem,
705 3914 775 3967 alies
786 3911 879 3966 'etism
893 3908 1078 3966 uerisimiliter

101 4021 127 4078 1.
136 4025 180 4081 62.
188 4021 223 4077 B.
232 4020 417 4080 erumnam
435 4018 506 4073 Aris.
526 4018 640 4072 formam
658 4034 719 4074 nou.
733 4016 849 4121 exbibep
866 4011 1078 4070 castellus.
