2626 4906
1078 575 1134 662 43

164 783 386 861 monachica
430 784 547 860 vitam
585 790 832 865 exercentem
864 786 930 879 ⁶⁴),
974 784 1133 864 maxima

163 922 306 999 virium
331 923 580 997 contentione
616 921 803 1021 imprimis
836 922 1048 1019 studuisse,
1075 936 1132 1018 ut,

163 1058 496 1158 quemadmodum·
508 1057 701 1157 Origenes
732 1059 909 1158 loquitur
933 1061 997 1156 ⁶⁶),
1036 1060 1134 1136 tico-
1186 1045 1187 1048 Ἴ

161 1168 267 1272 ricae
299 1197 400 1272 vitoe
432 1195 601 1271 indueret
635 1195 866 1270 altitudinem
871 1226 887 1284 ,·
932 1223 1135 1299 porroque

160 1357 309 1408 memor
334 1332 397 1427 sis,
421 1359 615 1432 nunquam
628 1332 667 1407 ei
682 1333 902 1439 contigisse,
928 1346 993 1410 aut
1011 1334 1135 1411 Scho-

161 1468 216 1545 las
250 1470 502 1569 frequentare
541 1479 606 1544 aut
640 1469 735 1545 alibi
769 1469 970 1570 magistros
1002 1473 1133 1549 erudi·

159 1606 271 1683 tione
305 1607 431 1682 claros
465 1605 599 1683 colere
634 1608 1042 1708 praestantissimisque
1074 1609 1132 1683 in-

159 1742 288 1844 geniis
313 1742 385 1838 uti,
418 1743 739 1843 quemadmodum
763 1745 811 1819 ab
838 1747 1011 1821 omnibus
1045 1748 1134 1821 sere

163 1882 316 1982 graecis
342 1880 617 1981 scriptoribus,
655 1881 723 1980 qui
756 1881 807 1956 de
833 1882 951 1957 rebus
974 1882 1132 1957 biblicis
1170 1856 1175 1863 Ι

165 2028 424 2119 exponerent,
451 2017 691 2117 exploratum
702 2017 894 2096 habemus.
919 2019 1009 2094 Huc
1026 2044 1135 2093 acce·

162 2154 244 2250 dit,
284 2155 390 2254 quod
424 2153 785 2254 interpretationes,
824 2156 875 2231 de
902 2157 1041 2255 quibus
1066 2158 1133 2234 hic

160 2291 398 2392 potissimum
424 2293 468 2366 fit
502 2292 728 2392 disputatio,
768 2292 816 2387 in
841 2293 1132 2391 Monachorum',

161 2429 308 2506 etenim
333 2431 430 2507 tales
464 2427 649 2528 discipuli
684 2431 766 2528 ejus
793 2440 921 2525 erant,
956 2457 1065 2508 usum
1091 2441 1134 2507 et

162 2567 405 2644 commodum
437 2565 687 2666 conscripsit;
727 2565 820 2641 inde
856 2592 952 2643 vero
991 2569 1135 2643 sactum
1213 2662 1218 2680 ι

160 2714 240 2801 est,
286 2714 332 2781 ut
366 2705 415 2779 od
449 2704 734 2805 permovendos
768 2703 1134 2804 convertendosque

163 2843 306 2916 animos
330 2842 449 2942 magis
489 2868 552 2916 eas
585 2843 892 2916 accommodaret
928 2853 969 2916 et
999 2843 1134 2943 impri-

162 2979 231 3053 mis
275 2979 390 3053 etiam
438 2979 669 3076 explanandi
707 3004 828 3076 genus
866 2979 1132 3077 theologicum

164 3115 246 3192 sive
273 3115 403 3195 ideale
431 3116 642 3207 excoleret,
668 3114 711 3188 id
736 3115 843 3213 quod
868 3114 992 3187 minus
1019 3113 1134 3188 fecis-

167 3263 242 3347 set,
278 3253 311 3328 si
336 3252 432 3327 alius
459 3277 597 3352 scopus
624 3263 712 3326 ante
737 3250 869 3325 ocuios
897 3249 936 3323 ei
961 3261 1134 3326 vorsatus

167 3389 309 3467 fuisset.
363 3391 513 3473 Quibus
541 3414 637 3464 vero
663 3378 851 3483 omuibuS,
894 3413 994 3486 quae
1019 3387 1135 3463 modo

174 3553 404 3574 ——

215 3635 263 3699 aa)
281 3631 331 3687 Sic
348 3634 437 3686 fertur
455 3607 628 3699 Ephraemus
644 3630 718 3697 apud
737 3627 923 3683 Sonomenum
937 3625 969 3682 tv
980 3613 1136 3698 ‹pd'ooorplq

171 3737 366 3815 τῇμοναστικῇ
382 3731 431 3790 τὸν
444 3740 508 3803 βίον
523 3730 681 3803 {gosuinus
725 3730 863 3796 Soaom.
880 3731 916 3789 fl.
940 3731 974 3791 Ε.
1001 3729 1051 3791 lib.
1076 3730 1133 3786 111.

171 3855 194 3894 c.
211 3845 251 3901 16.
270 3859 301 3908 p.
320 3831 379 3898 525.
398 3839 442 3894 ed.
463 3839 588 3908 Moguet.

217 3979 264 4044 65)
281 3979 327 4032 De
344 3978 502 4034 Abrahamo
520 3977 571 4031 lib.
597 3975 637 4032 11.
655 3991 678 4030 c.
698 3979 724 4033 8.
