2626 4906
990 643 1066 724 195

201 855 281 919 Jam
302 853 518 949 tranquillos¹
526 852 744 936 placatosque
767 852 900 918 reddito
939 838 942 843 ⁵

201 956 321 1022 Sectas
346 955 550 1020 dissidentes
577 953 646 1035 257).

202 1059 293 1123 Tum
316 1060 446 1123 orietur
467 1078 510 1123 ex
533 1057 680 1123 diversis
702 1058 858 1124 ecclesiis

201 1164 278 1226 Una
299 1161 445 1226 ecclesia
465 1163 620 1226 veritatis
628 1179 641 1244 ,'

201 1265 292 1329 Tum
315 1267 606 1348 congregabuntur
628 1269 677 1349 pii
700 1270 773 1348 ejus
795 1264 861 1328 filii

201 1368 241 1431 In
263 1367 375 1432 medio
398 1373 472 1450 ejus
494 1368 582 1449 sinu,
802 1440 805 1449 Ι

203 1473 250 1537 Ut
272 1470 497 1538 confiteantur
518 1474 701 1538 bonitatem
721 1476 830 1555 tuam,

207 1578 387 1644 Celebrent
408 1582 500 1642 tuam
522 1577 833 1642 reconciliationem
860 1572 930 1657 ²⁵⁵).

172 1736 220 1810 Id
258 1761 356 1809 vero
394 1736 549 1821 tandem
589 1759 670 1838 non
717 1732 1073 1843 praetermittemus

94 1872 266 1966 silentio,
282 1871 387 1970 quod
401 1872 561 1946 decreta
572 1870 732 1942 concilii
743 1856 905 1943 Nicaeni
915 1852 1074 1951 maxima

96 2012 215 2085 laude
249 2007 435 2082 extulerit
468 2032 611 2105 eosque
647 2006 821 2104 graviter
848 2007 1075 2111 vituperare

97 2148 234 2224 solitus
260 2145 327 2239 sit,
362 2144 430 2246 qui
468 2144 720 2243 „petulanter
746 2143 901 2246 impiam
925 2116 1076 2245 manum

99 2285 313 2384 injicerent
348 2281 587 2361 orthodoxae
626 2279 722 2355 fidei
761 2304 782 2352 a
818 2281 1077 2367 celeberrima

96 2424 167 2505 illa
181 2421 343 2523 Synodo
363 2417 541 2510 traditae,
555 2418 664 2515 cujus
678 2419 975 2525 congregandae
989 2445 1076 2513 auc]-

98 2571 164 2634 tor
189 2558 325 2666 fnisset
349 2536 565 2655 Imperator
592 2564 749 2665 aeterua
775 2555 916 2654 dignus
943 2581 1076 2632 recor.

100 2696 296 2782 datione.“
321 2694 406 2777 adv,
434 2695 539 2768 haer.
566 2692 626 2771 23,
654 2693 702 2778 ΙΙ,
730 2691 817 2768 488.
840 2694 889 2769 D.
917 2739 968 2751 -
994 2694 1078 2792 Sed

100 2833 283 2942 quoniam
292 2831 379 2906 satis
393 2829 572 2908 videmur
584 2829 633 2909 de
643 2829 857 2909 orthodoxa
867 2831 1079 2931 Ephraemi

100 2975 182 3052 fide
208 2970 362 3064 dixisse,
396 2993 447 3048 ne
473 2968 585 3065 hujus
612 2964 830 3065 volummis,
858 2966 907 3042 ad
934 2967 1079 3047 exitum

100 3113 207 3194 hunc
229 3105 425 3208 perducti,
451 3101 675 3202 magnitudo
688 3103 793 3199 justo
813 3101 967 3202 longius
986 3128 1079 3201 pro,

103 3248 231 3339 cedat,
258 3269 356 3343 quae
383 3251 598 3350 sequuntur
625 3240 825 3346 deinceps,
851 3240 893 3320 in
916 3238 1096 3323 relicuit.

103 3386 287 3467 dicemus,

157 3638 221 3698 aaa)
240 3653 283 3703 pr.
307 3613 402 3692 sectae
425 3634 551 3701 dissidii,
571 3633 762 3701 contentane,
781 3631 911 3710 napaeas
933 3633 1011 3699 aaa,
1038 3635 1081 3691 sn

104 3737 190 3806 enim,
205 3755 267 3794 curn
279 3746 383 3806 puncto
394 3738 485 3794 vocali
494 3738 641 3804 P'thocho,
656 3755 754 3793 vocem
765 3739 878 3794 alteram
888 3739 918 3794 ln
928 3738 1080 3810 Ephraeml

106 3843 183 3911 Opp.
202 3841 362 3903 instructam
379 3840 461 3910 legis.
496 3841 532 3901 cl,
551 3840 576 3901 1;
592 3845 652 3900 491,
670 3843 705 3896 Ε.
723 3847 783 3906 497.
806 3843 841 3903 Α,
859 3843 902 3902 ΙΙ,
917 3846 979 3907 440,
994 3841 1035 3900 E·
1047 3839 1081 3900 F.

158 3965 222 4028 aaa)
247 3959 374 4044 raiano
393 3961 418 4021 1,
437 3961 533 4023 ean,
552 3961 687 4025 111111.
706 3962 738 4024 c,
809 4024 813 4032 ,
875 4022 881 4033 ,

891 4137 944 4192 13*
