2626 4906
408 551 422 584 )

174 575 226 654 32

173 774 401 877 defatigatio
433 765 653 871 retardare,
691 772 975 857 consideratius
1008 780 1152 877 haheo,

173 917 280 993 aliud
327 900 693 1014 interpretationum
734 916 978 1014 judaicarum
1024 933 1150 1018 genus
1194 1022 1198 1033 ,

122 1146 125 1150 ι
173 1052 381 1156 persequi,
433 1053 541 1150 quod
582 1076 660 1126 non
712 1061 789 1127 tam
836 1057 1148 1152 narratiunculis,

170 1189 368 1266 maximam
394 1190 553 1289 quidem
578 1201 747 1289 partem,
785 1201 830 1264 ut
855 1193 1039 1288 vidimus,
1078 1194 1150 1269 tri-

172 1328 338 1405 vialibus
366 1337 408 1402 et
426 1328 620 1423 absurdis,
647 1354 760 1429 quam
786 1329 997 1404 verborum
1018 1330 1150 1430 expla-

172 1464 328 1542 natione
346 1462 460 1564 atque
475 1465 618 1566 singuli
633 1466 830 1569 enunoiati
844 1493 957 1569 sensu
972 1467 1149 1567 eruendo

97 1672 99 1676 .
171 1605 406 1679 continetur.
447 1603 575 1702 Hujus
598 1603 766 1702 generis,
792 1603 825 1678 si
843 1629 960 1678 unum
977 1604 1149 1702 aliquod,

174 1754 239 1817 aut
264 1742 447 1836 alterum,
482 1763 562 1817 non
588 1741 713 1815 omnia
752 1719 863 1840 quae*
879 1744 961 1839 ejus
989 1741 1149 1840 generis

173 1891 280 1974 sunt,
311 1877 481 1979 exempli
508 1904 635 1955 caussa
661 1856 920 1981 posuerimus,
947 1864 1079 1954 nostro
1105 1877 1150 1954 in

168 2034 254 2112 ros,
279 2017 462 2111 lectores,
505 2017 635 2094 officio
661 2018 888 2092 satisfecisse
915 2029 1149 2119 uestraeque

173 2153 364 2229 voluntati
389 2154 553 2254 largitos
581 2156 663 2230 esse
690 2154 924 2248 videbimur,
951 2131 1025 2229 alia
1044 2154 1149 2230 enim

165 2284 288 2368 ¹facile
314 2292 458 2368 ascito
492 2292 659 2391 quodam
692 2291 991 2390 investigatore,
1034 2291 1067 2367 si
1099 2291 1148 2367 li·

171 2429 320 2525 buerit,
365 2428 708 2531 aecum'ulatjssime
741 2440 956 2530 potuerunt
994 2453 1148 2530 compa·

171 2565 261 2644 rari.
313 2566 443 2644 Video
469 2554 603 2668 igitur,
630 2566 725 2643 Gen.
754 2567 839 2662 1,2
865 2568 911 2659 (I.
939 2565 973 2643 8.
1000 2565 1145 2662 B-F.)

170 2704 370 2808 „spiritum
388 2706 451 2802 qui
468 2731 582 2810 super
598 2729 715 2810 aquus
735 2704 957 2779 incuboboff‘
975 2729 996 2778 a
1012 2715 1146 2780 nostro

63 2903 65 2908 .
171 2840 328 2915 nonita
354 2866 437 2916 esse
463 2841 709 2917 intellectum
734 2851 778 2916 ut
805 2849 907 2917 esset
932 2849 1080 2945 ἐνέργειά
1094 2879 1147 2954 τις

162 2989 290 3083 ζζωτικὴ
306 2978 388 3055 slve
412 2991 530 3084 ζωτικὴ
554 2988 700 3079 δύναμις,
723 2980 1044 3079 quemadmodum
1057 3004 1147 3055 eum

160 3117 373 3217 ¹praeclare
407 3117 603 3194 intellexit
637 3116 931 3218 chrysostomus
966 3115 1029 3211 ⁵¹),
1073 3108 1145 3193 sed

161 3255 325 3352 ¹judaieo
351 3281 461 3330 more
487 3255 538 3331 de
563 3271 668 3330 uento
690 3282 711 3330 a
734 3257 821 3330 Deo
839 3253 974 3328 mundi
999 3255 1144 3354 opifice

170 3401 301 3464 creato
329 3403 370 3464 et
396 3393 573 3485 immisso,
607 3405 651 3465 ut
677 3392 905 3485 Onlrolosus,
942 3392 1142 3486 Jonathan.

160 3508 379 3626 ,ornnesque
407 3528 497 3611 ‚fere
534 3539 689 3604 veteres
722 3527 898 3605 Hebraei
914 3528 1031 3632 ,male
1057 3530 1143 3631 qui-

182 3748 395 3759 ...a———n—-a

219 3857 264 3916 51)
283 3855 466 3944 phrysost.
484 3851 604 3909 inHom.
623 3854 658 3910 ad
679 3854 758 3912 Gen..
768 3859 793 3914 3.
813 3855 941 3926 opaco.
956 3855 1139 3937 Menum.

167 3973 195 4025 p.
214 3959 256 4014 51.
267 3956 298 4012 C.

290 4080 320 4207 s
400 4074 415 4091 ,
