2626 4906
1024 589 1051 668 9

73 782 399 895 terpretationem
424 790 472 867 ab
498 789 697 868 orientalis
723 791 908 869 sermonis
931 795 1048 896 genio

73 933 326 1008 remotiorem
366 939 593 1029 persecutos
633 932 732 1007 male
767 933 893 1032 lapsos
940 935 1049 1010 vide-

72 1097 165 1147 mus.
245 1069 329 1145 Jam
363 1067 507 1169 optima
545 1079 671 1143 textus
697 1069 839 1170 syriaci
866 1097 943 1170 quo
966 1083 1049 1148 ute-

70 1211 188 1285 batur
223 1205 398 1282 conditio
433 1217 618 1306 quantum
644 1206 693 1282 in
727 1209 883 1309 scriptis
920 1209 1049 1312 expla-

72 1345 212 1422 nandis
234 1344 278 1420 ei
304 1343 513 1444 adjuverit,
540 1336 747 1421 existimari
772 1356 903 1446 potest
919 1373 1049 1448 neque

71 1510 156 1560 mea
183 1493 280 1583 eget
312 1481 651 1583 interpretatione.
718 1480 802 1560 Sed
827 1492 972 1580 tamen,
1004 1494 1050 1561 ut

70 1623 137 1697 illa
156 1620 496 1722 interpretationis
509 1620 796 1698 ecclesiasticae
814 1621 1049 1724 praestantia

69 1743 284 1861 Ephraemi
333 1758 584 1859 'explanandi
616 1784 751 1836 munus
802 1760 1048 1836 multifariam

70 1895 241 1998 adjuvit:
265 1893 348 1970 “sic
382 1896 416 1970 si
451 1894 624 2003 quidvin‘
658 1922 704 1971 ea
734 1886 942 1997 peccatum
977 1907 1047 1992 est,

69 2029 284 2138 Ephraemi
318 2031 434 2111 etiam
461 2024 684 2134 explanatio
702 2034 927 2131 claudicat,
953 2035 1049 2135 quin

69 2175 186 2250 etiam
214 2160 330 2271 saepe
355 2171 480 2272 nugas
493 2171 615 2273 sapit,
641 2173 693 2258 de
719 2198 797 2273 quo
810 2198 933 2270 -vcro,
969 2187 1049 2249 nort

67 2321 148 2385 tam
177 2310 269 2411 quia
293 2309 461 2408 :longum
488 2320 546 2384 est
553 2365 564 2402 ‚
618 2335 731 2408 quam
758 2311 863 2411 ‘quia
893 2311 1048 2412 perspi-

70 2472 198 2544 cuum,
227 2447 439 2571 quidquam
466 2446 547 2524 dici
571 2470 651 2522 non
676 2458 736 2522 est
760 2467 932 2526 necesse.
980 2437 1047 2524 ‘In‘-

68 2586 120 2662 de
148 2585 269 2682 vero,
315 2584 430 2685 -qtaod
455 2583 696 2686 Ephracmus
731 2587 777 2661 ab
799 2587 1048 2688 'interpretae

67 2723 187 2801 tionis
226 2717 413 2825 simplicis
459 2724 635 2826 vestigiis
674 2749 833 2824 prorsus
884 2713 1046 2824 pendet,

66 2865 142 2960 jam
180 2859 289 2960 quasi
324 2861 515 2961 majore
551 2860 730 2937 dubitare
763 2860 915 2961 possis,
956 2851 1049 2935 niun

65 2998 195 3076 artem
229 2998 407 3072 criticam
440 3020 609 3099 unquam
645 2999 869 3075 adhibuerit
901 2999 1047 3074 'aliasve

65 3138 284 3216 Versiones
307 3133 532 3212 contulerit.
586 3134 669 3211 Sed
694 3160 812 3236 quum
836 3134 917 3229 illa,
945 3159 1045 3233 quae

66 3276 203 3378 paucis
231 3281 482 3370 tantum-ne
517 3272 615 3375 quid
647 3273 825 3349 omissum
852 3271 1046 3367 videatur,

67 3413 300 3513 attingenda
327 3421 458 3506 erant,
486 3412 570 3486 aliis
604 3411 700 3519 alibi
734 3410 892 3503 anobis
920 3410 1045 3510 expli-

66 3552 164 3626 catis
191 3548 417 3643 rationibus,
450 3550 529 3647 jam
560 3558 720 3648 pateant
741 3549 788 3631 in,
806 3560 1044 3649 promtuque

68 3689 167 3782 sint,
193 3686 370 3765 omnibus
397 3686 465 3784 qui
500 3669 602 3760 scire
644 3686 790 3781 velint,
827 3710 955 3786 neque
976 3743 979 3747 -
997 3711 1043 3761 ea

69 3849 171 3901 nova
200 3850 288 3901 mea
321 3823 647 3922 interpretatione
686 3824 839 3927 planius
878 3821 1045 3922 exprimi

71 3963 230 4066 possint,
252 3964 330 4062 jam
355 3962 465 4037 missa
491 3986 536 4036 ea
558 3956 738 4037 faciamus
758 3972 800 4037 et
818 3961 860 4037 in
883 3985 1046 4060 genere,
