2626 4906
168 547 244 629 198

167 763 259 854 tem,
273 747 404 833 wveluti
423 752 472 829 ad
491 753 687 831 Geneseos
710 757 751 828 et
770 749 963 829 Jeremiae
982 748 1142 848 librum,

167 896 200 971 si
227 920 248 969 a
273 895 407 994 paucis
432 892 530 967 locis
556 891 791 997 discesseris,
814 917 945 966 omnes
963 890 1144 992 mysticas

165 1029 511 1130 interpretationes
537 1029 828 1129 praetermittit,
854 1037 899 1104 ut
920 1028 1036 1104 alium
1055 1031 1144 1104 fere

30 1188 32 1193 '
164 1166 424 1268 interpretem
441 1167 579 1242 audire
591 1165 750 1266 putaris.
767 1211 819 1222 -
835 1167 994 1242 Deinde
1014 1177 1144 1242 osten-

164 1305 292 1401 datur,
312 1331 411 1404 quae
427 1305 550 1379 forma
566 1303 616 1378 sit
632 1303 830 1399 sermonis,
849 1329 964 1402 quem
981 1304 1145 1380 adhibet

164 1440 207 1518 in
233 1441 538 1519 Commentariis.
601 1428 759 1540 Singuli
791 1451 918 1515 antem
943 1441 1039 1516 libri
1064 1466 1145 1516 non

164 1605 320 1681 semper
363 1589 580 1654 tractantur
623 1603 701 1652 uno
747 1579 874 1655 modo.
939 1579 1144 1653 Interdum

165 1719 269 1795 enim
303 1712 580 1816 interpretatio
619 1724 678 1789 est
703 1711 838 1791 brevis
864 1723 906 1790 et
931 1715 1142 1812 concinna,

93 1874 95 1878 '
164 1853 291 1935 veluti
326 1853 376 1927 ad
401 1852 542 1929 Joburn
569 1848 611 1928 et
635 1850 685 1927 ad
710 1854 830 1928 multa
856 1852 1143 1952 Prophetarum

71 2046 74 2055 -
163 1988 286 2088 dicta,
313 1989 512 2066 interdurn
534 2015 592 2085 ea,
618 1991 780 2088 quaein
799 1990 932 2066 verbis
950 1991 1143 2065 contextis

146 2127 417 2229 explanatius,
444 2103 525 2202 tum
551 2126 668 2202 etiam
687 2128 848 2203 uberius
867 2138 956 2204 sunt
977 2131 1143 2228 prolata,

164 2265 272 2367 quasi
300 2265 468 2341 vinculis
497 2264 718 2340 eximuntur
746 2265 1002 2365 breviterque
1032 2292 1142 2341 enar-

163 2413 320 2497 rantur,
362 2429 440 2502 qno
466 2402 508 2476 in
534 2399 810 2505 generenihil
837 2404 996 2502 quidem
1021 2403 1143 2479 habet

163 2540 440 2641 interpretatio
477 2538 661 2614 dissimile
698 2540 915 2637 quotidiani
943 2543 1140 2619 sermonis.

164 2664 264 2755 Tum
291 2701 417 2750 sermo
454 2674 600 2775 amplus
639 2673 863 2775 ingreditur
896 2686 937 2753 et
962 2678 1143 2778 copiosus

164 2822 367 2914 totumque
396 2814 607 2888 verborum
626 2823 891 2913 argumentum
910 2815 989 2889 late
1011 2816 1143 2915 expia

162 2960 315 3046 natum,
360 2961 473 3026 caute
515 2951 753 3052 expanditur
799 2959 841 3025 et
887 2951 1141 3051 dijudicatur,

163 3058 289 3166 veluti
313 3058 356 3163 in
379 3090 575 3164 Geneseos
594 3085 805 3188 principio,
832 3089 897 3163 vel
917 3090 958 3163 in
977 3090 1143 3188 losephi

163 3227 210 3318 (Ι.
225 3229 286 3307 90.
302 3228 403 3325 sqq.)
423 3225 488 3301 vel
504 3225 546 3299 in
558 3224 676 3304 Mosis
689 3224 849 3299 historia
864 3225 933 3318 (ib.
950 3225 1025 3302 197
1040 3227 1140 3324 sqq).

162 3361 264 3439 Tum
299 3389 397 3438 vero
430 3361 705 3465 interpretatio
737 3362 897 3437 maxime
934 3373 994 3437 est
1027 3363 1142 3438 lumi-

162 3519 254 3576 nosa
280 3508 322 3573 et
348 3498 456 3598 quasi
481 3509 647 3594 actuosa,
685 3524 761 3597 qna
787 3524 850 3574 res
877 3510 994 3598 auget
1021 3511 1141 3598 atque

161 3634 381 3736 amplificat.
434 3637 524 3720 Quo
549 3637 592 3711 in
613 3661 760 3735 genere
783 3662 804 3712 a
823 3637 1033 3712 verborum
1055 3636 1141 3735 qui·

160 3769 250 3851 dem
277 3798 472 3850 sacrorum
502 3781 728 3873 argumento
755 3781 833 3847 no'n
860 3772 1041 3866 discedit,
1057 3764 1140 3848 'sed

161 3883 359 3987 materiam
395 3935 443 3985 ex
475 3910 634 3987 historia
671 3936 763 3985 vera
800 3921 840 3986 et
879 3910 1026 3986 biblica
1069 3911 1138 3985 de·
