2626 4906
1074 551 1127 633 81

237 754 299 832 21.
350 752 456 831 Huic
488 777 584 830 vero
626 753 860 854 allegoricae
894 754 1126 859 interpreta·
1240 836 1248 859 ⁸

156 887 270 989 tioni,
298 890 487 966 ecclesiae
515 891 683 965 decretis
709 893 914 968 obsecutae
932 902 973 969 et
989 895 1127 972 vicinis

158 1027 271 1128 Syris
298 1028 510 1128 oppositae,
536 1026 904 1126 Mesopotamiae
930 1030 1125 1132 interpre-
1247 1007 1261 1050 '¹

158 1174 238 1258 tes,
278 1164 327 1237 ad
369 1189 463 1263 quos
504 1189 607 1237 nunc
650 1165 895 1260 devenimus,
933 1192 974 1241 se
1009 1167 1128 1269 magis

160 1301 502 1379 accommodarunt.
570 1299 869 1400 Mesopotamiae
905 1314 1032 1380 autem
1064 1330 1128 1401 re·

160 1437 295 1536 giones
316 1439 395 1534 jam
420 1436 574 1535 pridem
600 1437 739 1511 scholis
758 1438 961 1533 florebant,
988 1439 1128 1537 quibus

159 1601 236 1649 non
272 1574 386 1648 modo
419 1574 461 1647 in
490 1573 616 1646 literis
650 1574 953 1669 humanioribus,
992 1602 1129 1678 verum

160 1711 275 1786 etiam
310 1711 352 1805 in
386 1709 513 1789 literis¹
548 1708 663 1782 sacris
684 1712 849 1807 juvenes
875 1711 1127 1788 institueban-

160 1856 232 1922 tur.
287 1845 450 1940 Claruit,
483 1845 800 1943 quemadmodum
826 1872 874 1919 ex
898 1847 1129 1925 Ben-Attabi

162 1982 401 2078 testimonio,
440 1982 546 2080 quod
572 1981 757 2081 deinceps
784 1963 1002 2080 afferemus,
1037 2011 1128 2085 per-

163 2121 260 2220 spici
286 2129 426 2219 potest,
450 2118 630 2195 Nisibis
656 2119 786 2192 schola
812 2121 997 2217 quaedam
1018 2122 1130 2197 theo-

133 2257 300 2356 'logica,
336 2257 405 2330 sub
432 2255 578 2350 Jacobi,
613 2254 754 2331 Nisibis
781 2256 967 2356 episcopi,
1003 2257 1127 2357 auspi·
1183 2233 1218 2347 ,³

164 2393 249 2487 ciis,
278 2419 351 2490 qua
371 2392 631 2497 ‘Ephraemus,
663 2391 836 2489 juvenis,
871 2393 1040 2492 linguam
1067 2421 1129 2495 sy-

163 2529 302 2605 riacam
328 2530 503 2604 docebat.
562 2528 662 2602 Tum
692 2529 764 2602 alia
789 2528 877 2603 satis
902 2530 1042 2624 valuit,
1076 2531 1128 2606 de

162 2692 235 2768 qua
261 2666 285 2741 J
293 2665 448 2739 unilii
478 2676 762 2738 monumentum
787 2664 980 2762 loquitur,
1016 2691 1128 2764 quae,

163 2828 193 2899 a
207 2801 320 2903 Syris
345 2777 560 2876 christianis
593 2802 819 2894 constituta,
859 2802 1006 2875 seriore
1031 2812 1128 2877 tem-

113 3036 116 3047 ·
162 2911 259 3039 pore
294 2939 351 3017 ab,
368 2939 555 3014 Africanis
589 2939 702 3012 etiam
727 2938 1045 3035 frequentabatur
1070 2941 1125 3034 ⁹⁹).

172 3121 402 3139 *nn—-

211 3217 258 3279 99)
275 3215 320 3268 De
337 3215 389 3267 hac
405 3212 511 3267 Nisibis
530 3213 625 3267 schola
643 3211 742 3280 dignus
761 3219 812 3278 est,
831 3206 879 3279 qui
897 3210 1036 3278 audiatur,
1064 3210 1083 3266 J
1087 3228 1125 3266 u-

163 3316 288 3382 nitius,
306 3317 465 3384 Episcopus
481 3315 630 3369 Africanus
657 3316 694 3379 (a.
712 3318 790 3382 440),
818 3313 849 3368 in
869 3314 1011 3384 principio
1029 3315 1124 3371 Praei.
1191 3328 1193 3332 ’

164 3419 198 3472 ad
219 3419 303 3474 Libb,
327 3419 367 3474 ΙΙ.
395 3419 430 3472 de
453 3418 584 3472 Partibus
611 3418 721 3472 divinae
746 3418 827 3486 legis.
860 3419 944 3480 (Usus
966 3428 1038 3474 'vero
1066 3434 1127 3472 sum

164 3521 252 3588 libro,
289 3538 345 3589 quo
377 3521 510 3588 scriptum
548 3521 617 3575 illud
650 3519 841 3599 contineturffi
855 3521 957 3574 Schola
984 3521 1127 3576 doctrinae

166 3598 361 3691 Christianae,
385 3624 413 3677 in
437 3640 490 3691 qua
513 3623 705 3693 compendium
726 3622 913 3691 theologicum
935 3624 1127 3679 concinnatum

164 3735 213 3792 est,
230 3734 302 3781 auct.
322 3701 482 3796 ¹Christoph.
500 3726 632 3794 Pelargo.
667 3725 795 3780 Francos.
811 3726 1031 3805 aqu.tM.DC.
1043 3727 1126 3790 111.):

165 3829 227 3894 „Tu
245 3846 323 3883 more
340 3829 391 3882 illo
409 3837 456 3882 tuo
473 3804 543 3882 niliil
560 3838 623 3882 ante
640 3825 788 3895 quaesisti,
816 3845 896 3896 quam
919 3826 943 3882 si
968 3828 1032 3896 quis
1056 3805 1129 3884 esset

166 3929 239 3988 inter
255 3948 381 4002 graecos,
400 3930 448 4000 qui
465 3930 622 3987 divinorum
639 3930 775 3986 librorum
795 3931 885 3984 studio
903 3929 1128 4018 inteiligentiam·

642 4059 654 4089 ι
938 4037 956 4090 6
