2626 4906
174 610 233 687 ,ὦ

168 819 271 893 dem
296 797 337 893 et
358 815 520 909 ratione,
545 814 646 890 illud
662 806 900 890 excolerent.
953 817 1036 894 lam
1050 833 1159 895 vero>

180 954 337 1052 nescio,
380 978 428 1028 an
459 952 623 1029 Arianae
648 926 895 1028 tuib'ulentae
922 954 1029 1028 rixae
1056 980 1150 1030 con-

167 1090 450 1188 tentionesque
491 1089 556 1183 iis,
605 1090 673 1189 qui
707 1116 794 1164 cum
833 1090 926 1164 Ario
958 1076 1148 1187 facerent,

180 1239 246 1303 aut
286 1238 396 1302 certe
436 1226 671 1301 Homousian
716 1227 969 1324 abnegarent,
1021 1254 1149 1304 ansam

178 1363 449 1463 praebuerint,
487 1363 680 1438 literalem
714 1364 895 1455 recolere
927 1363 1148 1462 scripturae

178 1524 307 1576 sacrae
332 1526 503 1593 sensum,
544 1525 621 1597 quo
651 1499 800 1573 facilius
827 1500 878 1574 de
903 1502 1147 1597 adversariis,

175 1638 246 1736 qui
271 1636 457 1730 omnibus,
482 1661 738 1734 quaecunque
752 1636 920 1728 fuerunt,
944 1663 1148 1736 argumen-

173 1773 247 1869 tis,
305 1774 556 1848 orthodoxam
607 1772 821 1847 doctrinam
873 1771 1146 1870 defenderent,

178 1910 378 1988 victoriam
416 1920 673 2010 reportarent.
752 1910 895 1983 Omnes
936 1910 1057 2005 enim,
1101 1912 1146 1987 id

178 2047 283 2145 quod
326 2047 426 2122 insra
466 2047 584 2146 magis
621 2047 886 2146 intelligetur,
926 2047 994 2143 qui
1025 2048 1145 2124 solam

168 2182 395 2259 historicam
429 2182 791 2282 interpretationem
822 2184 895 2258 sibi
931 2183 1143 2284 eligerunt,

174 2319 376 2415 haeretici,
402 2320 484 2396 sive
509 2319 653 2415 Ariani,
679 2320 761 2395 sive
787 2321 1027 2416 Eunomiani,
1056 2321 1142 2397 sive

172 2457 210 2535 N
211 2454 392 2530 estoriani
411 2443 710 2533 aestimati'sunt.
763 2460 999 2558 Quamquam
1015 2459 1066 2534 de
1081 2458 1143 2534 his

172 2594 466 2693 interpretibus,
492 2620 609 2692 quum
633 2593 739 2667 inter
763 2620 805 2668 se
831 2595 1143 2703 discrepaverint

164 2729 393 2827 admodum,
427 2731 560 2832 paullo
586 2731 800 2807 accuratius
825 2758 929 2809 nuno
954 2732 1140 2809 dicemus.

157 3131 159 3138 Ι
247 3043 307 3121 18.
360 3042 550 3125 Quoniam
569 3041 690 3126 ¹enim
727 3024 944 3142 generatim
969 3042 1140 3118 ostendi-

167 3206 271 3275 mus,
297 3166 742 3278 communem'quandam
768 3180 936 3254 omnium
962 3180 1138 3254 Ammae-

76 3282 86 3326 Ι
168 3318 278 3390 orum
303 3314 740 3417 occidentaliuminitio
776 3316 892 3391 fuisse
928 3316 1138 3391 institutio-

166 3476 255 3527 nem
299 3453 511 3549 eademque
557 3460 621 3525 aut
668 3461 796 3525 tamen
834 3453 907 3526 sibi
945 3452 1137 3528 simillima

165 3587 359 3688 principia
385 3585 515 3663 omnes
539 3587 656 3661 fuisse
682 3600 933 3685 consectatos,
952 3580 1136 3688 ,singulos

165 3751 299 3800 eorum
337 3706 595 3824 interpretes,
635 3724 724 3822 qui,
769 3751 930 3801 numero
975 3710 1137 3824 quidem

162 3861 393 3963 paucissimi,
410 3872 534 3937 aetate
546 3876 852 3961 praecurrerunt
863 3844 1136 3962 Ephraemiim‚

163 3997 196 4075 si
219 4001 369 4102 placet,
401 3996 707 4074 consideremus:
748 4025 822 4099 qua
862 3999 965 4075 enim
1002 3978 1135 4101 dispu-
