2626 4906
1074 554 1127 638 73

159 789 223 840 res
256 762 536 865 perspiciatur,
573 762 618 861 in
651 762 766 839 istum
802 760 962 845 Cosmae
998 763 1128 846 locum

160 902 348 978 curiosius
373 901 617 1001 inquiramus.
642 901 715 978 ‘In
739 900 786 976 iis
811 901 1002 996 nimirum,
1028 927 1129 1001 quae

160 1040 294 1138 paullo
332 1048 616 1114 antecesserant
660 1039 723 1137 (p.
767 1039 887 1133 224),
933 1040 1128 1139 professus

162 1189 258 1269 erat,
284 1188 449 1275 quatuor
473 1187 621 1251 tantum
644 1175 806 1274 psalmos
821 1177 878 1271 ⁹⁰),
904 1175 955 1250 de
972 1175 1129 1252 Christo

162 1339 258 1391 vere
285 1323 327 1388 et
352 1313 468 1388 unice
493 1313 696 1389 vaticinari
735 1322 777 1387 et
809 1314 861 1388 de
887 1313 1019 1389 divina
1044 1312 1130 1412 qui-

163 1452 252 1528 dem
288 1462 330 1525 et
363 1451 525 1526 humana
551 1452 633 1548 ejus
658 1459 815 1546 natura;
854 1449 993 1549 quibus
1029 1450 1129 1550 psal-

163 1588 232 1662 mis
281 1587 463 1686 expositis
510 1598 552 1661 et
598 1589 807 1687 explanatis
861 1588 995 1689 pergit
1048 1587 1129 1662 his:

161 1718 286 1801 Ὅυτως
307 1711 348 1789 ἐν
369 1715 387 1789 ὃ
409 1715 575 1813 μακάριος
594 1722 706 1795 david
732 1720 792 1802 τὲς
813 1721 851 1792 δὲ
871 1718 973 1802 τέτες
991 1720 1132 1817 ψαλμὲς

166 1837 210 1921 εἷς
229 1839 288 1909 τὸν
310 1837 474 1931 δεσπότην
495 1840 656 1932 Χριστὸν,
690 1842 746 1909 καὶ
765 1838 867 1927 μόνον
888 1835 991 1910 εἶπεν·
1025 1837 1047 1912 ἒ
1068 1844 1132 1934 γὰρ

166 1959 368 2030 ἕκοινοποίει
387 1961 429 2028 τὰ
450 1964 493 2029 aa}
516 1956 664 2029 deono'sa
682 1964 815 2051 Xococai
829 1961 996 2047 μετὰτῶν
1012 1957 1132 2029 dailos·

167 2077 235 2149 ἀλλ’
259 2079 332 2150 ἴδια
353 2079 395 2148 τὰ
417 2085 458 2149 cd
480 2084 637 2160 deducire,
675 2075 720 2160 ὡς
742 2077 889 2148 δεσπότις
911 2081 1047 2162 ἐξεῖπεν,
1076 2079 1134 2149 καὶ

167 2217 208 2287 τὰ
228 2221 294 2292 τῶν
315 2212 434 2297 dcitur,
464 2213 510 2298 ὡς
531 2213 652 2293 δόλων.
708 2204 815 2285 Quid
840 2202 982 2303 igiturl
1033 2205 1134 2281 Num

167 2342 259 2417 facis
286 2367 373 2423 cum
398 2341 666 2447 Ernestio,
694 2340 775 2440 vqui
800 2339 973 2423 Cosmam
997 2341 1134 2416 dicere

168 2478 378 2575 existimat,
421 2479 627 2561 nonnullos
652 2479 815 2578 psalmos
840 2478 955 2553 unice
982 2455 1135 2578 aperte-

168 2645 245 2718 que
278 2614 570 2711 adobrutum,
609 2615 683 2697 alia
720 2640 817 2691 vere
856 2614 961 2690 dicta
998 2614 1135 2715 typice

168 2756 235 2840 vel
259 2751 423 2854 mystice
449 2761 614 2846 tantum,
649 2753 720 2827 sed
745 2778 841 2834 vere
868 2761 996 2827 tamen
1021 2761 1063 2826 et
1088 2777 1137 2827 ex

168 2892 327 2994 spiritus
366 2891 488 2973 sancti
525 2890 686 2971 consilio
720 2890 769 2963 ad
806 2915 894 2964 eum
926 2914 1009 2964 esse
1035 2889 1137 2962 refe-

169 3025 314 3111 rendal
366 3025 540 3110 Quodsi
565 3026 763 3120 crederes,
802 3024 1022 3124 longissime
1048 3050 1138 3100 sane

170 3194 192 3243 a
217 3166 430 3248 verborum
463 3190 577 3247 sensu,
612 3173 653 3239 et
678 3189 700 3238 a
725 3161 891 3237 veritate
917 3161 1137 3238 recederes.

170 3306 344 3404 Namque
370 3326 437 3378 eos
461 3301 612 3401 potius,
651 3300 684 3376 si
710 3299 806 3400 quid
830 3297 969 3394 video,
1003 3323 1140 3399 repre·
1219 3332 1222 3339 =

171 3442 313 3518 hendit
338 3449 485 3533 auctor,
518 3437 586 3538 qui
611 3463 727 3538 saepe
753 3436 796 3512 in
819 3462 897 3511 uno
923 3436 1141 3535 eodemque

174 3578 357 3655 orationis
389 3586 549 3670 tenore,
587 3575 631 3649 in
644 3575 800 3685 :veodem
835 3573 949 3687 etiam
979 3573 1141 3666 Psalmo,

174 3715 369 3793 historicis
395 3715 575 3816 adspersa
600 3737 682 3789 esse
707 3710 951 3815 prophetica,
977 3736 1076 3812 quae
1092 3710 1142 3784 ad

177 3879 411 3900 m

190 4002 200 4019 c
227 3917 565 4029 uinearum.
651 3988 656 4013 ι
