2626 4906
161 544 248 635 ‘154

168 761 328 864 fastigia.
390 724 547 837 Etenim
580 759 898 858 quemadmodum
939 785 960 834 e
994 716 1152 836 summa⁴

167 901 246 978 Dei
272 898 599 998 contemplatione
634 909 699 972 aut
736 898 943 998 propiores
975 909 1041 973 aut
1074 926 1138 974 re-

167 1038 350 1115 motiores
376 1038 511 1112 absunt
536 1046 694 1111 naturae
721 1036 923 1131 coelestes,
949 1036 1004 1111 ita
1023 1037 1138 1113 altius

167 1186 234 1251 aut
258 1176 419 1251 inferius
453 1172 787 1272 contemplationis
818 1174 1012 1274 fastigium
1038 1200 1137 1250 asse-

168 1323 350 1414 quuntur.
409 1314 597 1394 Quartum
632 1311 810 1385 obtinent
835 1322 995 1387 naturae
1020 1313 1137 1387 intel-

166 1453 339 1551 ligibiles
373 1451 443 1526 sed
481 1449 657 1550 corporis
698 1449 922 1549 participes.
991 1449 1137 1531 Quinta

167 1589 339 1686 denique
365 1613 409 1661 ac
432 1612 609 1687 suprema
624 1586 795 1661 Theoria
814 1586 893 1661 Dei
919 1595 977 1660 est
1003 1585 1137 1685 ipsius,

167 1752 308 1824 quase
334 1724 418 1823 ipse
445 1750 645 1822 operaque
671 1750 736 1798 sua
763 1723 1050 1823 contemplatur
1075 1723 1137 1797 iti-

167 1864 334 1960 demque
360 1875 519 1935 naturae
546 1862 747 1955 coelestes,
774 1874 818 1936 ut
843 1861 1022 1955 vidimus,
1058 1862 1137 1934 col-

143 1990 380 2072 lustrantur
414 2001 480 2092 ²³⁶).
550 1999 699 2073 Verum
733 1998 837 2072 idem
873 1998 942 2071 ille
978 2009 1137 2096 quartus

167 2136 423 2210 Theoriarum
456 2134 615 2234 gradus,
652 2136 796 2233 inquo
823 2134 1054 2210 substantiae
1081 2135 1137 2208 in-

166 2272 396 2370 telligibiles
424 2283 465 2345 et
491 2297 727 2370 corporeae,
763 2272 845 2344 sive
878 2269 1012 2344 Sancti
1043 2297 1138 2371 pro-

166 2408 312 2481 cedunt
348 2422 462 2505 atque
490 2409 538 2481 ad
564 2409 781 2482 divinarum
805 2432 935 2480 rerum
964 2420 1139 2483 contem-

166 2545 375 2642 plationem
390 2544 603 2644 permedia
616 2543 763 2644 gratiae
780 2555 979 2645 septemve
999 2571 1139 2644 opera-

217 2822 280 2883 236)
305 2819 328 2872 1.
355 2822 417 2876 229.
444 2817 480 2874 0:
506 2816 645 2888 Mysteria
670 2817 840 2872 tabernaculi
864 2817 953 2872 omnio
976 2817 1140 2884 significent

166 2938 269 2976 sensum
298 2921 420 2993 mysterii
449 2921 558 2990 opificis
591 2925 700 2992 ejusque
734 2921 833 2990 operis.
886 2923 984 2976 Decem
1015 2925 1139 2976 cortinae

167 3027 292 3096 byssinae
310 3026 417 3089 (intima
434 3025 605 3079 tabernaculi
623 3026 707 3097 adyta
724 3025 857 3091 velantes)
874 3027 1031 3080 adurnbrout
1050 3026 1137 3080 Τήιο-

165 3130 233 3184 riam
257 3129 367 3196 primam
391 3129 601 3193 intelligibilium
627 3131 807 3196 (naturarum)
819 3153 828 3197 ;
863 3131 981 3183 undecim
1015 3131 1138 3183 cortinae

161 3232 270 3301 pilosae
292 3232 449 3298 significant
478 3232 619 3285 Theoriam
645 3236 782 3288 secundem
808 3233 1033 3299 intelligibilium
1061 3236 1137 3287 uela·

164 3342 271 3388 mentum
288 3352 403 3402 copreae
419 3337 518 3388 rubrae
541 3337 628 3389 innuit
653 3337 782 3390 tbeoriom
799 3338 904 3389 tertiam
920 3342 1075 3390 naturarum
1093 3337 1135 3389 in-

163 3436 351 3502 telligibilium.
386 3439 463 3492 Haec
473 3439 562 3504 igitur
578 3445 633 3491 tres
648 3438 769 3493 theoriae
779 3448 839 3494 sunt
856 3448 1012 3493 naturarum
1031 3441 1133 3493 intelli-

162 3540 295 3605 gibilium,
313 3541 363 3594 sed
378 3541 503 3610 corporis
520 3543 672 3611 expertium.
698 3577 731 3587 -
756 3545 794 3597 Et
813 3545 894 3612 pellis
912 3544 1134 3611 copreae‘coecs'·

163 3658 215 3695 neo
239 3643 364 3712 desuper,
391 3646 532 3714 significat
560 3646 688 3700 tleoriom
719 3646 824 3699 tertiam
849 3646 1059 3712 intelligibilium
1084 3663 1134 3699 no-

163 3751 282 3799 turorum
306 3763 419 3816 corpore
441 3751 633 3820 praeditam.
659 3781 694 3793 -
726 3748 866 3802 Theoriom
899 3756 983 3803 autem
1011 3766 1135 3816 magnam

162 3848 281 3918 opificis,
298 3867 384 3904 omues
401 3852 466 3906 illas
484 3852 615 3916 (relicuas
632 3852 765 3916 theorias)
783 3860 962 3922 superantem,
989 3852 1134 3919 signbiem

162 3969 230 4008 arcs
245 3961 376 4019 argenteo
392 3954 422 4008 in
437 3957 522 4010 medio
540 3957 640 4012 Sancto
655 3946 813 4012 Sanctorum
830 3957 935 4024 januae
951 3957 1076 4012 sicema.
1098 3988 1130 4001 -
