2626 4906
1031 609 1140 687 193

163 841 266 911 eum,
287 812 574 919 Chryrostomo,
594 838 712 912 quum
733 814 845 910 nihil,
868 823 934 892 ant
958 840 1036 891 non
1053 817 1151 892 sere*
1298 871 1300 875 ψ

157 955 325 1033 multum
351 953 545 1045 differant,
571 952 717 1027 sobrias
736 963 778 1026 et
795 953 1001 1029 concinnas
1022 955 1140 1054 magis

161 1090 371 1169 sententias
391 1088 583 1189 exquirit,
608 1099 691 1164 tum
715 1073 1140 1171 maximamvaticinio-

161 1255 250 1309 rum
266 1241 417 1328 partem
439 1229 490 1303 de
509 1254 588 1302 uno
610 1225 768 1307 Christo
795 1229 844 1306 ad
863 1229 1016 1309 literam
1039 1242 1139 1325 (κατὰ
1162 1252 1168 1261 “

162 1379 203 1451 τὸ
227 1382 341 1474 paror)
367 1366 453 1443 vult
472 1364 722 1444 intellectam
756 1365 901 1458 (Praei.
929 1367 979 1444 ad
1003 1368 1139 1446 Psalm.

163 1505 209 1581 T.
237 1505 266 1579 I.
294 1505 329 1584 2,
357 1503 471 1597 603),
507 1513 549 1579 et
585 1503 768 1583 adversus
798 1503 994 1606 judaicam
1020 1504 1141 1582 inter-

162 1641 424 1742 pretationem
462 1639 663 1718 invehitur
696 1641 753 1745 (p.
790 1642 882 1737 66),
922 1643 996 1719 etsi
1017 1655 1139 1740 'quas-

162 1780 250 1857 dam
276 1776 502 1882 prophetias
530 1777 646 1857 etiam
670 1779 834 1880 mystice
856 1778 1140 1887 interpretatur

162 1917 308 2012 (velun
334 1917 410 1998 res,
438 1915 501 2009 ro,
527 1914 563 1995 4.
604 1915 651 1994 n.
680 1935 710 2001 1.
738 1915 827 1999 am.
879 1917 960 1996 rer.
989 1894 1138 2009 11‚'19‚

161 2056 215 2134 ib.
242 2082 281 2154 p.
308 2054 395 2135 472,
447 2051 591 2130 Ezech.
612 2050 674 2151 17,
694 2052 755 2136 23,
782 2053 830 2133 ΙΙ.
851 2054 886 2135 2.
905 2053 991 2136 804,
1045 2053 1138 2133 Hos.

136 2197 202 2287 ⁴2,
227 2193 290 2272 23,
317 2190 369 2273 ib,
397 2191 514 2289 938),
540 2202 622 2270 tum
648 2190 820 2294 denique
847 2191 1140 2295 interpretatio-

159 2356 252 2410 nem
286 2329 475 2434 typicam,
513 2353 593 2432 qua¹
624 2325 838 2427 Ephraemi
864 2325 1140 2408 commentarii

160 2479 251 2563 sont
275 2465 426 2559 referti,
454 2490 677 2570 quamquam
698 2475 822 2546 totum
840 2465 888 2549 V.
903 2465 949 2548 T.
967 2466 1139 2546 umbram

160 2605 321 2705 quidem
342 2603 435 2681 novi
453 2603 484 2682 F
485 2603 640 2683 oederis
661 2603 900 2684 existimaret
924 2603 991 2695 (ad
1005 2628 1061 2702 ps.
1076 2601 1138 2680 28,

160 2744 189 2822 Ι.
218 2745 254 2824 2,
282 2740 371 2822 7-79,
399 2740 487 2822 780,
522 2742 572 2820 ad
603 2742 680 2821 Jes.
707 2743 771 2834 22,
797 2743 859 2831 22,
892 2740 939 2821 ΙΙ,
968 2741 1002 2823 1,
1030 2737 1138 2833 287),

161 2890 290 2959 tamen
314 2878 469 2983 parcius
495 2877 674 2957 adhibuit
700 2887 816 2974 atquo
852 2902 987 2956 eorum
1006 2877 1138 2963 'ratio-

161 3041 262 3109 nem,
298 3015 366 3112 qui
397 2990 444 3093 in
479 3041 524 3092 ea
553 3016 658 3118 justo
694 3013 782 3112 plus
816 3012 1063 3092 elaborarent
1095 3024 1137 3089 et

161 3180 274 3251 quam
294 3151 520 3249 longissime
548 3177 568 3229 a
595 3176 635 3225 se
663 3150 841 3229 distantia
867 3149 972 3223 inter
987 3175 1028 3224 se
1046 3176 1135 3249 per-

162 3316 275 3370 verse
303 3299 588 3388 compararent,
616 3287 796 3399 graviter¹
816 3275 1067 3393 improbavit,
1094 3287 1135 3361 in

162 3429 239 3506 fine
265 3426 408 3507 Habac,
436 3426 483 3508 ΙΙ,
511 3428 546 3508 2,
573 3452 610 3533 p,
640 3424 753 3509 1559,
812 3426 816 3433 ’

240 3702 301 3784 43,
335 3702 419 3783 Jam
442 3725 539 3782 vero
565 3702 786 3800 priusquam
801 3700 893 3780 huic
908 3700 1134 3802 disputatio-

163 3839 222 3913 nis
244 3832 398 3943 nostrie
416 3839 518 3937 parti
534 3840 650 3917 finem
666 3838 868 3940 imponam,
887 3840 963 3915 hoc
983 3862 1134 3944 separa-

164 3976 233 4051 tim
257 3975 371 4050 etiam
394 3977 627 4059 monendum
647 3976 741 4056 mihi
760 3976 931 4070 videtur,
952 3973 1134 4075 spiritua·

945 4111 980 4166 13
