2626 4906
964 577 1043 657 143

66 783 166 861 niam
200 785 244 860 in
276 791 357 862 tote
396 797 532 862 c'aussn·
547 783 768 887 plusculum
793 789 852 861 est
876 785 1040 886 negotii,

65 934 107 998 ut
133 925 267 1022 paullo
293 926 406 999 altius
431 930 636 1023 repetatur
662 934 704 998 et
724 923 910 999 nonnulla
927 949 1040 1022 prae·

65 1060 267 1135 mittantur
310 1070 369 1136 est
410 1060 699 1136 consideratius·
773 1059 1039 1158 Maximopere

66 1198 168 1272 enim
195 1199 377 1273 virorum*
396 1199 599 1273 doctorum
619 1196 834 1273 sententiae
854 1198 906 1273 de
925 1197 1040 1273 verbi

66 1335 260 1410 Theoriae
286 1335 566 1434 significatione
593 1346 709 1432 atque
731 1359 801 1417 usu
821 1321 1037 1412 discedunt.

66 1472 299 1570 Quodquum
324 1473 521 1547 Diodorus
548 1471 759 1585 Tarsensis,
773 1480 885 1547 ⁴teste
905 1471 1038 1566 Suide‚

65 1609 134 1682 sub
179 1633 278 1682 vece
318 1617 505 1713 Διόδωρος,
545 1609 690 1685 librum
734 1608 1037 1708 conscripsisset,

65 1745 128 1819 cui
153 1744 289 1819 titulus
323 1757 374 1839 τίς
396 1757 546 1850 διαφορὰ
574 1756 725 1850 θεωρίας
745 1757 802 1829 καὶ
824 1753 1036 1851 ἀλληγορίας,

66 1881 114 1956 de
152 1907 230 1980 quo
264 1882 365 1957 nihil
403 1882 522 1958 hodie
560 1893 700 1977 exstat,
737 1883 919 1978 fuerunt,
968 1883 1037 1982 qui

65 2017 274 2118 exquirere
314 2020 541 2130 studerent,
587 2020 694 2095 inter
735 2029 940 2118 utramque
977 2020 1036 2105 in-

64 2156 310 2255 terpretandi
343 2157 546 2251 rationem,
580 2155 677 2255 quid
711 2155 942 2231 discriminis
967 2184 1038 2259 po-

63 2294 201 2369 suisset
244 2294 452 2369 Diodorus.
522 2293 694 2369 Primum
737 2292 813 2367 nn
858 2266 1046 2369 Lusor

62 2433 182 2532 phus
201 2432 449 2526 Ktisterus,
475 2430 543 2530 qui
558 2429 601 2511 in
615 2455 682 2509 sua
698 2427 843 2507 Suidne
860 2430 1035 2508 editione

61 2570 108 2662 (1.
136 2569 244 2663 593),
270 2570 321 2644 ad
346 2595 435 2644 eum
460 2570 602 2662 locum,
632 2574 779 2661 censet,
810 2568 1041 2668 allegoriam.

61 2731 83 2780 a
116 2706 271 2781 theoria
302 2706 379 2782 hoe
412 2705 596 2799 differre,
637 2704 744 2804 quod
776 2703 896 2800 haec,
935 2731 1036 2804 quae

60 2866 175 2920 sensu
213 2843 449 2919 abstrusiore
493 2842 736 2942 mysticoque
775 2842 1037 2937 contineatur,

59 2981 103 3056 in
127 2982 380 3057 inferioribus
404 2979 583 3090 subsistat
613 3002 744 3077 neque
777 2977 821 3051 in
846 2988 923 3053 tam
948 2981 1038 3054 sub·

59 3098 144 3196 limi
170 3128 397 3220 argumento
423 3126 604 3194 versetur
622 3136 742 3216 'quam
759 3113 849 3212 illa3
874 3117 1038 3216 utrique

60 3267 190 3332 autem
215 3259 355 3357 generi
380 3258 492 3352 illud,
520 3254 627 3356 quod
645 3251 786 3330 Greeci
805 3268 953 3339 κατὰιτὸ
975 3273 1037 3365 (n-

58 3405 118 3476 τὸν
145 3396 362 3495 appellant,
394 3421 478 3471 esse
504 3392 735 3494 oppositum.
814 3391 898 3469 Sed
937 3395 1035 3470 haec

58 3532 95 3606 K
103 3532 272 3608 tisteri
303 3534 494 3613 sententia
501 3586 520 3627 „
539 3557 657 3631 quum
689 3554 786 3629 vaga
818 3539 932 3627 esset,
957 3557 1034 3608 nec

57 3669 148 3744 satis
174 3669 376 3766 distincta,
416 3671 485 3770 qui
519 3672 592 3744 hae
624 3668 666 3742 in
691 3692 737 3741 re
763 3668 959 3764 proximus
986 3672 1034 3745 ab

58 3831 109 3878 eo
135 3805 227 3900 fuit,
262 3807 516 3883 Ernestius
549 3808 625 3903 ²²⁶),
665 3803 822 3905 quicum
852 3804 1035 3901 fecenmt

63 3933 299 3955 *nnn-

109 3982 177 4046 ²2⁵)
196 3979 231 4034 12
248 3993 345 4048 opusc.
362 3977 449 4037 theol.
465 3993 495 4048 p.
511 3980 573 4037 460.
