2626 4906
164 619 239 698 178

161 828 246 921 (ΠΙ.
265 827 326 902 90.
345 820 497 916 A—D).
541 822 669 919 Atque
695 818 809 892 idem
828 819 929 893 illud
953 827 1136 919 tempore

162 963 281 1062 Legis
295 960 470 1058 contigit.
497 958 670 1056 Namque
687 981 816 1030 omnes
842 956 911 1055 pii,
937 957 1020 1031 sive
1043 983 1136 1057 pro-

167 1135 399 1154 -ιῇ-

165 1230 254 1295 orbis,
281 1247 352 1299 quem
375 1232 521 1297 suffocavit
539 1230 716 1294 (summersit)
741 1229 881 1294 dilnvium,
908 1230 1037 1283 dominum
1062 1246 1138 1283 enum

164 1332 285 1405 (typice)
307 1333 486 1400 praedicavit.
531 1335 678 1386 Descendit
704 1335 769 1385 enim
795 1340 820 1384 et
845 1334 963 1385 instituit
980 1333 1138 1402 baptismum

165 1444 191 1489 et
209 1437 275 1488 etuti
291 1443 352 1488 rant
365 1453 416 1504 per
434 1453 488 1490 eum
506 1437 544 1489 ud
560 1438 666 1490 coelum.
707 1436 803 1490 sethus
821 1443 847 1488 et
864 1439 981 1502 Enorur,
1004 1451 1086 1502 oeque
1104 1452 1138 1488 ac

163 1540 317 1606 Koinunue,
329 1540 389 1602 filii
406 1541 461 1592 Dei
477 1539 607 1617 appellati
624 1544 698 1603 onnt3
711 1538 799 1601 filium
816 1538 872 1591 Dei
888 1544 1085 1606 exspectarunt,
1109 1544 1139 1592 ut

162 1642 264 1707 pietate
272 1643 385 1706 fratrer
402 1645 462 1710 ejue
472 1640 579 1704 fierent.
624 1641 712 1708 Prope
733 1643 804 1693 mille
825 1657 909 1693 annor
926 1658 989 1694 uero
999 1641 1063 1707 suit
1079 1640 1139 1692 nito

163 1744 352 1808 Metiosedum
371 1745 533 1811 enepectaoit
544 1743 641 1808 fitium,
660 1745 706 1812 qui
723 1744 912 1797 communicare
925 1750 1032 1810 poterat
1046 1744 1138 1809 uitam,

164 1860 291 1913 nunquam
309 1845 475 1909 deficientem.
511 1848 578 1914 Ipsa
595 1847 692 1911 gratia
704 1863 758 1913 pro
776 1845 880 1913 (justis)
900 1847 958 1899 iltis
974 1863 1023 1914 per
1040 1853 1137 1916 myrte-

164 1949 232 2003 rinrn
249 1948 431 2001 absconditum
449 1950 561 2014 orabat,
587 1955 616 2002 ut
633 1950 752 2002 dominae
770 1965 856 2002 eorum
873 1949 974 2002 veniret
991 1950 1019 2001 in
1037 1949 1136 2002 aetati-

165 2052 215 2105 bus
232 2067 329 2116 comem,
350 2067 485 2118 eorumque
502 2051 665 2104 detrimentis
683 2059 856 2105 succurreret.
900 2052 1005 2105 Etenim
1022 2052 1138 2120 epiritue

167 2161 284 2218 conetur,
303 2153 348 2222 qui
364 2153 393 2206 in
410 2153 447 2206 iir
457 2153 529 2220 suit,
547 2153 576 2205 in
592 2153 761 2206 meditatione
779 2155 868 2206 orauit
882 2171 934 2222 pro
951 2154 1006 2219 eio3
1025 2155 1139 2207 eleuauit

168 2272 214 2323 eor
232 2263 257 2309 et
271 2274 322 2324 per
338 2273 393 2310 eum
410 2240 579 2324 contemplati
595 2259 846 2322 comminatorem,
879 2273 951 2326 quem
967 2263 1137 2326 exoptarunt.

168 2359 278 2414 Animus
290 2362 424 2426 justornm
439 2360 594 2430 praesensit
611 2360 712 2426 fitium,
739 2360 785 2428 qui
806 2366 847 2412 eet
865 2359 1032 2426 pharmacum
1056 2362 1138 2427 uitae,

169 2477 272 2529 eumque
295 2462 323 2514 in
346 2461 440 2517 dicam
461 2463 521 2516 cuis
542 2469 674 2515 venturum
696 2478 754 2514 eure
777 2463 927 2528 exoptavit,
958 2471 987 2515 nt
1012 2470 1139 2528 gustaret

168 2565 327 2619 dnlcedinem
352 2567 419 2631 ejne.
463 2564 605 2619 Henoclrue
635 2565 709 2616 illum
734 2564 920 2630 desiderabam
946 2567 1139 2635 quodquoniam

163 2667 252 2730 fitium
269 2665 347 2729 (Dei)
365 2669 393 2718 tn
411 2667 493 2720 terrie
509 2683 561 2719 non
577 2665 654 2731 uidit,
665 2665 748 2729 fidem
759 2673 863 2719 etrenne
875 2668 993 2721 seruauit
1007 2675 1033 2721 et
1044 2671 1139 2736 justus

162 2769 262 2834 suetus
279 2775 329 2833 eet,
353 2775 382 2822 ut
399 2771 542 2824 accendere
557 2768 679 2837 illumque
696 2769 724 2820 in
742 2771 815 2821 coelo
834 2770 1005 2839 contemplari
1030 2771 1088 2822 eibi
1104 2771 1139 2824 n·-

168 2877 249 2925 eeret.
273 2903 306 2916 -
330 2870 397 2929 aute
422 2879 476 2938 ert,
503 2871 549 2940 qui
574 2879 681 2926 accuret
704 2872 846 2925 honitatem
870 2872 978 2937 (summi
1005 2874 1139 2940 numinis)

168 2975 286 3040 idcirco,
306 2975 369 3044 quio
386 2976 480 3029 donum
496 2975 578 3042 tttut,
603 2976 673 3044 quod
688 2978 805 3042 majores
821 2974 906 3040 gram
921 2979 1013 3030 labore
1031 2977 1140 3047 assequi

168 3094 221 3131 non
236 3084 386 3149 potuerunt,
411 3078 529 3146 porterit
550 3079 644 3144 gratis
668 3078 739 3140 (sine
757 3079 867 3142 labore)
891 3080 1016 3145 contigit.
1062 3083 1141 3135 Illum

168 3181 247 3234 etiam
261 3181 403 3249 prospexit
422 3181 566 3236 Larnecltue
584 3183 731 3248 (sperans),
739 3184 818 3248 sore,
836 3188 866 3234 ut
881 3183 982 3236 veniret
999 3191 1024 3236 et
1043 3202 1141 3238 coneo·

168 3285 271 3337 laretur
288 3300 342 3337 eum
359 3291 509 3338 mansuetus
525 3286 559 3338 de
576 3286 668 3338 labore
685 3292 711 3338 et
726 3301 843 3339 manuum
861 3302 940 3352 opere
956 3286 1037 3353 deque
1054 3295 1138 3353 terro,

109 3415 112 3421 ·
168 3386 214 3439 cui
229 3387 405 3440 maledixerat
420 3390 522 3442 Justm.
560 3387 695 3452 Cognovit
712 3395 795 3440 autem
807 3388 961 3454 Lumecnue,
979 3389 1008 3441 in
1024 3389 1140 3444 Nouelm

163 3486 226 3550 filio
241 3504 289 3542 ruo
303 3488 440 3557 descripta
452 3506 511 3542 eme
523 3489 649 3559 emysteria
655 3489 715 3553 fittt
725 3489 818 3554 (Βοῦς
835 3491 929 3560 quippe
937 3508 1012 3560 quum
1020 3493 1140 3546 dorninue

149 3596 240 3642 meet
257 3598 378 3656 remotus,
396 3594 649 3647 comolobutureum
666 3593 812 3663 mysterium
826 3593 925 3660 (illius)
933 3595 1081 3662 prozimum
1099 3595 1140 3658 (in

170 3689 233 3744 titio
249 3693 322 3747 'suot
359 3697 437 3748 lllum
449 3696 540 3749 videre
553 3676 682 3750 Noaclrui
696 3695 773 3748 etiam
786 3697 958 3761 desideravit,
974 3698 1020 3765 qui
1032 3705 1141 3762 gurm

104 3794 107 3799 ’
169 3795 365 3862 praesidiorum
379 3799 599 3864 ejmguuasren
618 3799 760 3867 quodqnum
771 3800 919 3869 mysterium
933 3803 992 3866 ejue
1004 3807 1140 3854 eemroeeet

171 3894 341 3963 animantia‚'
358 3907 479 3967 quantam
500 3903 611 3954 sulutem
633 3904 734 3954 tandem
756 3903 816 3969 ipre
839 3903 974 3955 unirnabue
988 3904 1139 3969 praestitu-

148 3992 151 4001 ’
171 4015 226 4054 run
243 4016 302 4054 esee
318 4002 470 4056 existimari
484 4004 580 4072 potuit.
626 4005 686 4072 Ille,
703 4006 823 4073 speravit
838 4004 982 4071 Nouanus,
993 4005 1078 4073 sore,
1099 4012 1138 4072 ut,
