2626 4906
1061 626 1138 708 189

161 845 333 928 agrestes
380 845 465 904 sunt
500 828 752 928 (significant)
800 831 1012 927 daemones,
1072 837 1137 932 qui
1245 840 1252 851 ’

167 984 319 1042 sanctas
351 970 509 1062 unimus,
547 971 587 1040 a'n
612 970 791 1066 justitiae
826 971 964 1043 semitis
1001 971 1136 1047 eoelum

162 1121 351 1209 peterem,
389 1105 562 1178 incedunt
593 1121 629 1177 et
655 1105 694 1176 in
719 1106 783 1179 eia
807 1107 990 1203 graduum
1015 1131 1135 1184 eorum

162 1245 257 1342 (qua
289 1243 495 1334 incedunt)
539 1241 687 1337 laqueos
725 1243 780 1315 eis
814 1243 1047 1322 abscondunt.
1082 1291 1135 1305 —

161 1380 246 1454 Sed
271 1381 367 1477 quid
393 1377 530 1479 plura?
582 1379 627 1453 Si
653 1379 754 1452 scire
781 1379 853 1472 νίς,
887 1381 957 1454 hos
983 1383 1133 1483 inspice

160 1519 284 1591 locos:
313 1519 340 1590 Ι.
359 1518 445 1592 305.
463 1517 502 1589 Α.
521 1516 610 1592 318.
629 1517 668 1588 Α.
684 1542 764 1614 sqq.
782 1516 868 1592 321.
888 1517 1016 1593 Α-Ο.
1045 1520 1130 1596 324.

161 1654 204 1728 Β.
233 1652 277 1728 C.
304 1654 391 1729 326.
418 1653 547 1728 D-F.
584 1653 671 1729 336.
699 1654 742 1730 Ε.
776 1654 862 1731 346.
890 1653 934 1730 C.
961 1655 1009 1732 D.
1044 1656 1130 1733 397.

162 1793 204 1865 Α.
232 1790 274 1865 Β.
302 1791 388 1866 402.
414 1791 457 1867 Β.
486 1789 530 1865 C.
558 1791 644 1865 409.
672 1788 716 1865 C.
740 1790 787 1864 Ι).
815 1791 1015 1868 4111011.
1043 1793 1130 1870 425.

161 1927 210 2002 D.
238 1926 281 2001 Β.
315 1926 401 2002 431.
429 1927 471 2002 Β.
500 1925 544 2000 C.
583 1927 668 2002 536.
697 1926 740 2002 C.
774 1927 861 2003 541.
888 1928 937 2021 D.
973 1930 1060 2006 556.
1087 1930 1130 2004 B.

163 2062 207 2138 C.
235 2063 278 2138 Ε.
331 2063 378 2138 11.
407 2063 492 2139 169.
517 2062 560 2139 Β.
587 2062 674 2139 247.
702 2060 746 2140 C.
773 2063 821 2141 D.
848 2066 934 2144 249.
961 2066 1081 2140 D.-

238 2340 299 2414 42.
340 2338 527 2420 Quoniam
545 2338 596 2413 de
614 2339 823 2438 Ephraemi
845 2340 1131 2441 interpretandi

100 2480 107 2489 '
160 2475 341 2549 universa
380 2476 552 2572 ratione,
585 2477 709 2576 prima
745 2503 789 2551 ac
826 2479 984 2552 maxima
1017 2490 1130 2578 parte

159 2622 314 2687 nostrae
359 2613 649 2711 disputationis,
689 2641 789 2713 quae
824 2615 1033 2689 summatim
1072 2614 1131 2688 di-

108 2783 109 2786 ¹
159 2750 286 2823 cenda
326 2758 455 2844 erant,
493 2752 643 2826 habetis
676 2796 729 2808 —-
767 2753 912 2828 etenim
951 2752 1130 2851 singulae,

159 2887 300 2985 quibus
328 2888 471 2960 creber
496 2896 566 2980 est,
592 2887 739 2961 insanas
758 2889 974 2986 Allegorias
993 2914 1130 2962 recen-

158 3047 248 3098 sere
271 3025 349 3121 jam
370 3022 606 3123 superfluum
630 3033 741 3118 esset,
767 3049 925 3122 quarum
945 3024 1130 3097 infinitam

159 3185 245 3234 esse
270 3160 404 3236 silvam
429 3161 550 3234 verba
575 3161 764 3235 monuisse
797 3160 961 3234 sufficiat
985 3204 1038 3216 —-
1061 3185 1129 3234 ne-

159 3322 240 3394 que
270 3296 411 3395 igitur,
452 3297 557 3396 quod
591 3299 640 3370 ad
673 3307 827 3371 nostrae
860 3297 1128 3396 disputationis

160 3446 426 3533 argumentum
469 3435 510 3508 in
555 3434 657 3508 omni
698 3435 848 3509 ratione
894 3434 1128 3533 pertineret,

158 3571 408 3670 praeteriisse
443 3584 557 3670 puto:
605 3571 745 3669 quibus
777 3596 865 3644 cum
897 3570 981 3644 aliis
1014 3571 1053 3647 S.
1087 3571 1126 3648 S.

159 3707 441 3806 interpretibus
466 3718 598 3782 noster
624 3718 713 3808 apte
740 3707 861 3807 possit
888 3708 1061 3782 conferri
1087 3719 1128 3782 et

159 3845 357 3939 contendi9
377 3871 397 3918 a
415 3871 478 3919 me
497 3845 579 3919 dici
599 3858 824 3945 exspectare
844 3845 1005 3920 debetis.
1044 3844 1126 3919 Jam

158 4006 258 4056 vero
284 3982 372 4056 satis
399 3981 616 4082 ambiguum
636 3983 788 4069 ¹,dictum
813 3995 873 4057 est
889 3981 1024 4059 Petri
1040 3980 1126 4056 Be·
