<?xml version="1.0" encoding="UTF-8"?>
<!DOCTYPE html PUBLIC "-//W3C//DTD XHTML 1.0 Transitional//EN"
    "http://www.w3.org/TR/xhtml1/DTD/xhtml1-transitional.dtd">
<html xmlns="http://www.w3.org/1999/xhtml" xml:lang="en" lang="en">
 <head>
  <title>
</title>
<meta http-equiv="Content-Type" content="text/html;charset=utf-8" />
  <meta name='ocr-system' content='tesseract 3.04.00' />
  <meta name='ocr-capabilities' content='ocr_page ocr_carea ocr_par ocr_line ocrx_word'/>
</head>
<body>
  <div class='ocr_page' id='page_1' title='image "./deephraemisyria00lenggoog_0288.png"; bbox 0 0 2626 4906; ppageno 0'>
   <div class='ocr_carea' id='block_1_1' title="bbox 235 560 318 642">
    <p class='ocr_par' dir='ltr' id='par_1_1' title="bbox 235 560 318 642">
     <span class='ocr_line' id='line_1_1' title="bbox 235 560 318 642; baseline -0.072 0"><span class='ocrx_word' id='word_1_1' title='bbox 235 560 318 642; x_wconf 55' lang='lat' dir='ltr'><em>27ss</em></span> 
     </span>
    </p>
   </div>
   <div class='ocr_carea' id='block_1_2' title="bbox 236 763 1214 1823">
    <p class='ocr_par' dir='ltr' id='par_1_2' title="bbox 236 763 1214 1823">
     <span class='ocr_line' id='line_1_2' title="bbox 236 763 1208 863; baseline -0.006 -23"><span class='ocrx_word' id='word_1_2' title='bbox 236 789 355 840; x_wconf 80' lang='lat' dir='ltr'><em>arcana</em></span> <span class='ocrx_word' id='word_1_3' title='bbox 372 768 500 851; x_wconf 67' lang='lat' dir='ltr'><em>revelaa</em></span> <span class='ocrx_word' id='word_1_4' title='bbox 543 764 578 832; x_wconf 90' lang='lat' dir='ltr'><em>h.</em></span> <span class='ocrx_word' id='word_1_5' title='bbox 593 785 622 831; x_wconf 86' lang='lat' dir='ltr'><em>e.</em></span> <span class='ocrx_word' id='word_1_6' title='bbox 643 766 698 830; x_wconf 87' lang='lat' dir='ltr'><em>cui</em></span> <span class='ocrx_word' id='word_1_7' title='bbox 717 763 753 828; x_wconf 91' lang='lat' dir='ltr'><em>in</em></span> <span class='ocrx_word' id='word_1_8' title='bbox 774 768 909 863; x_wconf 80' lang='lat' dir='ltr'><em>promtu</em></span> <span class='ocrx_word' id='word_1_9' title='bbox 931 769 994 851; x_wconf 86' lang='lat' dir='ltr'><em>est,</em></span> <span class='ocrx_word' id='word_1_10' title='bbox 1017 789 1082 835; x_wconf 89' lang='lat' dir='ltr'><em>non</em></span> <span class='ocrx_word' id='word_1_11' title='bbox 1104 769 1208 834; x_wconf 91' lang='lat' dir='ltr'><em>modo</em></span> 
     </span>
     <span class='ocr_line' id='line_1_3' title="bbox 237 887 1210 982; baseline 0.003 -27"><span class='ocrx_word' id='word_1_12' title='bbox 237 890 404 955; x_wconf 90' lang='lat' dir='ltr'><em>somnium</em></span> <span class='ocrx_word' id='word_1_13' title='bbox 432 894 584 972; x_wconf 83' lang='lat' dir='ltr'><em>ejusque.</em></span> <span class='ocrx_word' id='word_1_14' title='bbox 598 887 929 982; x_wconf 79' lang='lat' dir='ltr'><em>ipterpretationem,</em></span> <span class='ocrx_word' id='word_1_15' title='bbox 964 911 1050 974; x_wconf 89' lang='lat' dir='ltr'><em>quae</em></span> <span class='ocrx_word' id='word_1_16' title='bbox 1082 894 1147 956; x_wconf 91' lang='lat' dir='ltr'><em>tibi</em></span> <span class='ocrx_word' id='word_1_17' title='bbox 1175 898 1210 958; x_wconf 86' lang='lat' dir='ltr'><em>et</em></span> 
     </span>
     <span class='ocr_line' id='line_1_4' title="bbox 236 1006 1208 1096; baseline 0.002 -20"><span class='ocrx_word' id='word_1_18' title='bbox 236 1013 446 1096; x_wconf 80' lang='lat' dir='ltr'><strong>sapientibus</strong></span> <span class='ocrx_word' id='word_1_19' title='bbox 478 1008 547 1073; x_wconf 90' lang='lat' dir='ltr'><em>tuis</em></span> <span class='ocrx_word' id='word_1_20' title='bbox 576 1010 611 1070; x_wconf 86' lang='lat' dir='ltr'><em>et</em></span> <span class='ocrx_word' id='word_1_21' title='bbox 631 1006 735 1071; x_wconf 89' lang='lat' dir='ltr'><em>idolis</em></span> <span class='ocrx_word' id='word_1_22' title='bbox 767 1009 836 1072; x_wconf 92' lang='lat' dir='ltr'><em>tuis</em></span> <span class='ocrx_word' id='word_1_23' title='bbox 868 1009 968 1092; x_wconf 84' lang='lat' dir='ltr'><em>latet,</em></span> <span class='ocrx_word' id='word_1_24' title='bbox 1002 1013 1208 1096; x_wconf 76' lang='lat' dir='ltr'>patefacere,</span> 
     </span>
     <span class='ocr_line' id='line_1_5' title="bbox 237 1127 1211 1217; baseline 0.004 -21"><span class='ocrx_word' id='word_1_25' title='bbox 237 1153 355 1196; x_wconf 86' lang='lat' dir='ltr'><em>verum</em></span> <span class='ocrx_word' id='word_1_26' title='bbox 388 1131 490 1195; x_wconf 89' lang='lat' dir='ltr'><em>etiam</em></span> <span class='ocrx_word' id='word_1_27' title='bbox 522 1134 556 1194; x_wconf 88' lang='lat' dir='ltr'><em>et</em></span> <span class='ocrx_word' id='word_1_28' title='bbox 587 1127 665 1192; x_wconf 82' lang='lat' dir='ltr'><em>illas</em></span> <span class='ocrx_word' id='word_1_29' title='bbox 686 1129 919 1211; x_wconf 78' lang='lat' dir='ltr'><em>cogitationes,</em></span> <span class='ocrx_word' id='word_1_30' title='bbox 950 1153 1036 1217; x_wconf 91' lang='lat' dir='ltr'><em>quae</em></span> <span class='ocrx_word' id='word_1_31' title='bbox 1064 1135 1211 1200; x_wconf 83' lang='lat' dir='ltr'><strong>visionis</strong></span> 
     </span>
     <span class='ocr_line' id='line_1_6' title="bbox 238 1249 1210 1339; baseline 0.004 -23"><span class='ocrx_word' id='word_1_32' title='bbox 238 1259 315 1317; x_wconf 87' lang='lat' dir='ltr'><em>tuae</em></span> <span class='ocrx_word' id='word_1_33' title='bbox 334 1271 488 1317; x_wconf 82' lang='lat' dir='ltr'><strong>caussam</strong></span> <span class='ocrx_word' id='word_1_34' title='bbox 502 1249 704 1330; x_wconf 85' lang='lat' dir='ltr'><em>obtulerunt,</em></span> <span class='ocrx_word' id='word_1_35' title='bbox 724 1256 988 1332; x_wconf 88' lang='lat' dir='ltr'><em>repraesentare.</em></span> <span class='ocrx_word' id='word_1_36' title='bbox 1032 1273 1066 1317; x_wconf 87' lang='lat' dir='ltr'><em>v.</em></span> <span class='ocrx_word' id='word_1_37' title='bbox 1080 1255 1120 1319; x_wconf 81' lang='lat'><em>31</em></span> <span class='ocrx_word' id='word_1_38' title='bbox 1134 1275 1210 1339; x_wconf 88' lang='lat' dir='ltr'><em>sqq.</em></span> 
     </span>
     <span class='ocr_line' id='line_1_7' title="bbox 238 1343 1213 1458; baseline 0.002 -20"><span class='ocrx_word' id='word_1_39' title='bbox 238 1376 390 1456; x_wconf 72' lang='lat' dir='ltr'><em>Mapoura</em></span> <span class='ocrx_word' id='word_1_40' title='bbox 411 1373 567 1457; x_wconf 81' lang='lat' dir='ltr'><em>quoddam</em></span> <span class='ocrx_word' id='word_1_41' title='bbox 589 1372 797 1436; x_wconf 77' lang='lat' dir='ltr'><em>simulacrum.</em></span> <span class='ocrx_word' id='word_1_42' title='bbox 842 1391 875 1436; x_wconf 85' lang='lat' dir='ltr'><em>v.</em></span> <span class='ocrx_word' id='word_1_43' title='bbox 899 1373 953 1437; x_wconf 79' lang='lat'><em>32.</em></span> <span class='ocrx_word' id='word_1_44' title='bbox 990 1372 1095 1454; x_wconf 84' lang='lat' dir='ltr'><em>Caput</em></span> <span class='ocrx_word' id='word_1_45' title='bbox 1116 1343 1213 1458; x_wconf 81' lang='lat' dir='ltr'><em>hujus</em></span> 
     </span>
     <span class='ocr_line' id='line_1_8' title="bbox 239 1471 1214 1576; baseline 0.003 -19"><span class='ocrx_word' id='word_1_46' title='bbox 239 1494 399 1558; x_wconf 84' lang='lat' dir='ltr'><em>simulacri</em></span> <span class='ocrx_word' id='word_1_47' title='bbox 435 1502 505 1557; x_wconf 90' lang='lat' dir='ltr'><em>erat</em></span> <span class='ocrx_word' id='word_1_48' title='bbox 538 1513 578 1557; x_wconf 82' lang='lat' dir='ltr'><em>ea</em></span> <span class='ocrx_word' id='word_1_49' title='bbox 609 1513 689 1556; x_wconf 87' lang='lat' dir='ltr'><em>auro</em></span> <span class='ocrx_word' id='word_1_50' title='bbox 719 1492 841 1574; x_wconf 78' lang='lat' dir='ltr'><em>prob03</em></span> <span class='ocrx_word' id='word_1_51' title='bbox 880 1491 948 1556; x_wconf 86' lang='lat' dir='ltr'><em>hoc</em></span> <span class='ocrx_word' id='word_1_52' title='bbox 979 1471 1214 1576; x_wconf 77' lang='lat' dir='ltr'><em>repraesentat</em></span> 
     </span>
     <span class='ocr_line' id='line_1_9' title="bbox 240 1585 1213 1698; baseline 0.002 -20"><span class='ocrx_word' id='word_1_53' title='bbox 240 1634 379 1695; x_wconf 78' lang='lat' dir='ltr'><em>regnum</em></span> <span class='ocrx_word' id='word_1_54' title='bbox 400 1585 685 1698; x_wconf 79' lang='lat' dir='ltr'><em>Babyloniorum,-</em></span> <span class='ocrx_word' id='word_1_55' title='bbox 717 1613 808 1677; x_wconf 90' lang='lat' dir='ltr'><em>idem</em></span> <span class='ocrx_word' id='word_1_56' title='bbox 831 1611 958 1676; x_wconf 88' lang='lat' dir='ltr'><em>dicitur</em></span> <span class='ocrx_word' id='word_1_57' title='bbox 978 1612 1015 1676; x_wconf 92' lang='lat' dir='ltr'><em>in</em></span> <span class='ocrx_word' id='word_1_58' title='bbox 1038 1613 1112 1678; x_wconf 86' lang='lat' dir='ltr'><em>his:</em></span> <span class='ocrx_word' id='word_1_59' title='bbox 1143 1616 1213 1696; x_wconf 89' lang='lat' dir='ltr'><em>Ba-</em></span> 
     </span>
     <span class='ocr_line' id='line_1_10' title="bbox 241 1734 1213 1823; baseline 0.003 -25"><span class='ocrx_word' id='word_1_60' title='bbox 241 1735 372 1823; x_wconf 71' lang='lat' dir='ltr'><em>bylonia</em></span> <span class='ocrx_word' id='word_1_61' title='bbox 399 1744 446 1797; x_wconf 84' lang='lat' dir='ltr'><em>est</em></span> <span class='ocrx_word' id='word_1_62' title='bbox 477 1734 622 1815; x_wconf 86' lang='lat' dir='ltr'><em>poculum</em></span> <span class='ocrx_word' id='word_1_63' title='bbox 653 1755 781 1798; x_wconf 88' lang='lat' dir='ltr'><em>aureum</em></span> <span class='ocrx_word' id='word_1_64' title='bbox 802 1736 837 1798; x_wconf 84' lang='lat' dir='ltr'><em>ia</em></span> <span class='ocrx_word' id='word_1_65' title='bbox 858 1753 952 1796; x_wconf 88' lang='lat' dir='ltr'><em>mauu</em></span> <span class='ocrx_word' id='word_1_66' title='bbox 972 1737 1092 1800; x_wconf 83' lang='lat' dir='ltr'><em>domiui</em></span> <span class='ocrx_word' id='word_1_67' title='bbox 1124 1735 1213 1815; x_wconf 88' lang='lat' dir='ltr'><em>(Jer.</em></span> 
     </span>
    </p>
   </div>
   <div class='ocr_carea' id='block_1_3' title="bbox 240 1853 1215 2063">
    <p class='ocr_par' dir='ltr' id='par_1_3' title="bbox 240 1853 1215 2063">
     <span class='ocr_line' id='line_1_11' title="bbox 240 1853 1215 1959; baseline 0.001 -40"><span class='ocrx_word' id='word_1_68' title='bbox 240 1858 295 1959; x_wconf 62' lang='lat' dir='ltr'><em>il,</em></span> <span class='ocrx_word' id='word_1_69' title='bbox 318 1855 364 1933; x_wconf 84' lang='lat'><em>7).</em></span> <span class='ocrx_word' id='word_1_70' title='bbox 408 1853 524 1922; x_wconf 80' lang='lat' dir='ltr'><em>Pectus</em></span> <span class='ocrx_word' id='word_1_71' title='bbox 555 1865 586 1919; x_wconf 87' lang='lat' dir='ltr'><em>et</em></span> <span class='ocrx_word' id='word_1_72' title='bbox 617 1855 749 1919; x_wconf 73' lang='lat' dir='ltr'><em>brachia</em></span> <span class='ocrx_word' id='word_1_73' title='bbox 781 1865 931 1938; x_wconf 72' lang='lat' dir='ltr'><em>arpcutea</em></span> <span class='ocrx_word' id='word_1_74' title='bbox 962 1853 996 1919; x_wconf 89' lang='lat' dir='ltr'><em>h.</em></span> <span class='ocrx_word' id='word_1_75' title='bbox 1020 1877 1049 1922; x_wconf 92' lang='lat' dir='ltr'><em>e.</em></span> <span class='ocrx_word' id='word_1_76' title='bbox 1075 1876 1215 1953; x_wconf 82' lang='lat' dir='ltr'><em>regnum</em></span> 
     </span>
     <span class='ocr_line' id='line_1_12' title="bbox 241 1973 1213 2063; baseline 0 -21"><span class='ocrx_word' id='word_1_77' title='bbox 241 1976 422 2042; x_wconf 88' lang='lat' dir='ltr'><em>Medorum</em></span> <span class='ocrx_word' id='word_1_78' title='bbox 448 1973 519 2054; x_wconf 71' lang='grc'><em>336).</em></span> <span class='ocrx_word' id='word_1_79' title='bbox 570 1975 687 2044; x_wconf 82' lang='lat' dir='ltr'><em>Venter</em></span> <span class='ocrx_word' id='word_1_80' title='bbox 707 1985 738 2041; x_wconf 85' lang='lat' dir='ltr'><em>et</em></span> <span class='ocrx_word' id='word_1_81' title='bbox 750 1973 883 2063; x_wconf 84' lang='lat' dir='ltr'><em>femora</em></span> <span class='ocrx_word' id='word_1_82' title='bbox 903 1979 972 2060; x_wconf 83' lang='lat' dir='ltr'><em>ejus</em></span> <span class='ocrx_word' id='word_1_83' title='bbox 984 1973 1102 2063; x_wconf 82' lang='lat' dir='ltr'><em>serrea</em></span> <span class='ocrx_word' id='word_1_84' title='bbox 1124 1976 1159 2042; x_wconf 89' lang='lat' dir='ltr'><em>h.</em></span> <span class='ocrx_word' id='word_1_85' title='bbox 1184 1999 1213 2043; x_wconf 89' lang='lat' dir='ltr'><em>e.</em></span> 
     </span>
    </p>
   </div>
   <div class='ocr_carea' id='block_1_4' title="bbox 293 2249 1219 2393">
    <p class='ocr_par' dir='ltr' id='par_1_4' title="bbox 293 2249 1219 2393">
     <span class='ocr_line' id='line_1_13' title="bbox 427 2249 1088 2284; baseline -0.005 -17"><span class='ocrx_word' id='word_1_86' title='bbox 427 2249 438 2284; x_wconf 39' lang='lat' dir='ltr'><em>p</em></span> <span class='ocrx_word' id='word_1_87' title='bbox 1086 2259 1088 2264; x_wconf 91' lang='lat'><em>.</em></span> 
     </span>
     <span class='ocr_line' id='line_1_14' title="bbox 293 2290 1219 2393; baseline -0.004 -13"><span class='ocrx_word' id='word_1_88' title='bbox 293 2324 358 2387; x_wconf 81' lang='grc'><strong>336)</strong></span> <span class='ocrx_word' id='word_1_89' title='bbox 375 2319 470 2377; x_wconf 86' lang='lat' dir='ltr'><em>Valde</em></span> <span class='ocrx_word' id='word_1_90' title='bbox 495 2318 543 2372; x_wconf 89' lang='lat' dir='ltr'><em>hic</em></span> <span class='ocrx_word' id='word_1_91' title='bbox 569 2290 648 2373; x_wconf 81' lang='lat' dir='ltr'><em>locus</em></span> <span class='ocrx_word' id='word_1_92' title='bbox 674 2317 749 2374; x_wconf 89' lang='lat' dir='ltr'><em>inter</em></span> <span class='ocrx_word' id='word_1_93' title='bbox 765 2321 933 2393; x_wconf 75' lang='lat' dir='ltr'><em>interpretes</em></span> <span class='ocrx_word' id='word_1_94' title='bbox 952 2319 1125 2378; x_wconf 83' lang='lat' dir='ltr'><em>distrahitur.</em></span> <span class='ocrx_word' id='word_1_95' title='bbox 1181 2318 1219 2377; x_wconf 76' lang='lat' dir='ltr'><em>At</em></span> 
     </span>
    </p>
   </div>
   <div class='ocr_carea' id='block_1_5' title="bbox 210 2423 1250 4054">
    <p class='ocr_par' dir='ltr' id='par_1_5' title="bbox 210 2423 1250 4054">
     <span class='ocr_line' id='line_1_15' title="bbox 242 2423 1221 2496; baseline -0.002 -16"><span class='ocrx_word' id='word_1_96' title='bbox 242 2441 311 2480; x_wconf 84' lang='lat' dir='ltr'><em>uero</em></span> <span class='ocrx_word' id='word_1_97' title='bbox 329 2423 446 2480; x_wconf 85' lang='lat' dir='ltr'><em>secundi</em></span> <span class='ocrx_word' id='word_1_98' title='bbox 472 2423 553 2490; x_wconf 85' lang='lat' dir='ltr'><em>regni</em></span> <span class='ocrx_word' id='word_1_99' title='bbox 577 2424 613 2476; x_wconf 84' lang='lat' dir='ltr'><em>ab</em></span> <span class='ocrx_word' id='word_1_100' title='bbox 631 2423 790 2494; x_wconf 88' lang='lat' dir='ltr'><em>Ephraemo</em></span> <span class='ocrx_word' id='word_1_101' title='bbox 808 2427 983 2494; x_wconf 75' lang='lat' dir='ltr'><em>propositam</em></span> <span class='ocrx_word' id='word_1_102' title='bbox 999 2423 1221 2496; x_wconf 86' lang='lat' dir='ltr'><em>explicationem</em></span> 
     </span>
     <span class='ocr_line' id='line_1_16' title="bbox 244 2525 1222 2599; baseline -0.002 -16"><span class='ocrx_word' id='word_1_103' title='bbox 244 2546 325 2583; x_wconf 90' lang='lat' dir='ltr'><em>unam</em></span> <span class='ocrx_word' id='word_1_104' title='bbox 342 2544 436 2583; x_wconf 89' lang='lat' dir='ltr'><em>veram</em></span> <span class='ocrx_word' id='word_1_105' title='bbox 454 2543 525 2592; x_wconf 86' lang='lat' dir='ltr'><em>esse,</em></span> <span class='ocrx_word' id='word_1_106' title='bbox 542 2525 694 2581; x_wconf 85' lang='lat' dir='ltr'><em>novissimo</em></span> <span class='ocrx_word' id='word_1_107' title='bbox 714 2535 839 2599; x_wconf 89' lang='lat' dir='ltr'><em>tempore</em></span> <span class='ocrx_word' id='word_1_108' title='bbox 855 2527 1133 2594; x_wconf 74' lang='lat' dir='ltr'><em>Eiehhoruiu&#39;S,</em></span> <span class='ocrx_word' id='word_1_109' title='bbox 1152 2528 1222 2582; x_wconf 90' lang='lat' dir='ltr'><em>De-</em></span> 
     </span>
     <span class='ocr_line' id='line_1_17' title="bbox 244 2602 1221 2697; baseline -0.002 -13"><span class='ocrx_word' id='word_1_110' title='bbox 244 2648 365 2697; x_wconf 86' lang='lat' dir='ltr'><em>reser,</em></span> <span class='ocrx_word' id='word_1_111' title='bbox 383 2631 424 2684; x_wconf 91' lang='lat' dir='ltr'><em>de</em></span> <span class='ocrx_word' id='word_1_112' title='bbox 441 2602 581 2695; x_wconf 22' lang='lat' dir='ltr'><em>ertte,</em></span> <span class='ocrx_word' id='word_1_113' title='bbox 601 2629 790 2685; x_wconf 86' lang='lat' dir='ltr'><em>Gesenius</em></span> <span class='ocrx_word' id='word_1_114' title='bbox 808 2640 836 2685; x_wconf 87' lang='lat' dir='ltr'><em>et</em></span> <span class='ocrx_word' id='word_1_115' title='bbox 852 2632 1042 2695; x_wconf 86' lang='lat' dir='ltr'><em>Bleek&#39;rus,</em></span> <span class='ocrx_word' id='word_1_116' title='bbox 1061 2630 1134 2681; x_wconf 87' lang='lat' dir='ltr'><em>locis</em></span> <span class='ocrx_word' id='word_1_117' title='bbox 1154 2629 1221 2682; x_wconf 82' lang='lat' dir='ltr'><em>satis</em></span> 
     </span>
     <span class='ocr_line' id='line_1_18' title="bbox 244 2729 1224 2813; baseline -0.001 -28"><span class='ocrx_word' id='word_1_118' title='bbox 244 2732 328 2798; x_wconf 88' lang='lat' dir='ltr'><em>notis,</em></span> <span class='ocrx_word' id='word_1_119' title='bbox 363 2729 438 2784; x_wconf 91' lang='lat' dir='ltr'><em>omni</em></span> <span class='ocrx_word' id='word_1_120' title='bbox 462 2733 527 2798; x_wconf 88' lang='lat' dir='ltr'><em>jure</em></span> <span class='ocrx_word' id='word_1_121' title='bbox 557 2740 732 2787; x_wconf 88' lang='lat' dir='ltr'><em>censuerunt.</em></span> <span class='ocrx_word' id='word_1_122' title='bbox 785 2732 910 2813; x_wconf 83' lang='lat' dir='ltr'><em>Eandem</em></span> <span class='ocrx_word' id='word_1_123' title='bbox 934 2729 1098 2787; x_wconf 87' lang='lat' dir='ltr'><em>sententiam</em></span> <span class='ocrx_word' id='word_1_124' title='bbox 1127 2739 1224 2784; x_wconf 88' lang='lat' dir='ltr'><em>tuetur</em></span> 
     </span>
     <span class='ocr_line' id='line_1_19' title="bbox 245 2832 1222 2905; baseline 0 -15"><span class='ocrx_word' id='word_1_125' title='bbox 245 2835 359 2891; x_wconf 73' lang='lat' dir='ltr'><em>(laumas</em></span> <span class='ocrx_word' id='word_1_126' title='bbox 384 2832 617 2901; x_wconf 79' lang='lat' dir='ltr'><em>Indicopleustea,</em></span> <span class='ocrx_word' id='word_1_127' title='bbox 640 2832 669 2888; x_wconf 93' lang='lat' dir='ltr'><em>in</em></span> <span class='ocrx_word' id='word_1_128' title='bbox 696 2833 909 2890; x_wconf 86' lang='lat' dir='ltr'><em>Montelalc.</em></span> <span class='ocrx_word' id='word_1_129' title='bbox 936 2835 1009 2890; x_wconf 86' lang='lat' dir='ltr'><em>coll.</em></span> <span class='ocrx_word' id='word_1_130' title='bbox 1040 2833 1080 2889; x_wconf 91' lang='lat'><em>11.</em></span> <span class='ocrx_word' id='word_1_131' title='bbox 1104 2852 1133 2905; x_wconf 90' lang='lat' dir='ltr'><em>p.</em></span> <span class='ocrx_word' id='word_1_132' title='bbox 1152 2838 1222 2900; x_wconf 65' lang='lat'><em>1443</em></span> 
     </span>
     <span class='ocr_line' id='line_1_20' title="bbox 245 2913 1222 3006; baseline -0.003 -13"><span class='ocrx_word' id='word_1_133' title='bbox 245 2938 287 2993; x_wconf 85' lang='lat' dir='ltr'><em>sic</em></span> <span class='ocrx_word' id='word_1_134' title='bbox 305 2913 386 2992; x_wconf 88' lang='lat' dir='ltr'><em>etiam</em></span> <span class='ocrx_word' id='word_1_135' title='bbox 401 2935 560 3006; x_wconf 86' lang='lat' dir='ltr'><em>judicarunt</em></span> <span class='ocrx_word' id='word_1_136' title='bbox 577 2934 686 2992; x_wconf 76' lang='lat' dir='ltr'><em>ludaei,</em></span> <span class='ocrx_word' id='word_1_137' title='bbox 748 2937 823 2992; x_wconf 84' lang='lat' dir='ltr'><em>Prae</em></span> <span class='ocrx_word' id='word_1_138' title='bbox 841 2936 941 2992; x_wconf 84' lang='lat' dir='ltr'><em>ceteris</em></span> <span class='ocrx_word' id='word_1_139' title='bbox 969 2939 1068 2993; x_wconf 90' lang='lat' dir='ltr'><em>conser</em></span> <span class='ocrx_word' id='word_1_140' title='bbox 1089 2939 1178 2992; x_wconf 85' lang='lat' dir='ltr'><em>Eise</em></span> <span class='ocrx_word' id='word_1_141' title='bbox 1189 2954 1222 2990; x_wconf 89' lang='lat' dir='ltr'><em>u-</em></span> 
     </span>
     <span class='ocr_line' id='line_1_21' title="bbox 246 3037 1222 3117; baseline -0.005 -19"><span class='ocrx_word' id='word_1_142' title='bbox 246 3057 461 3111; x_wconf 84' lang='lat' dir='ltr'><em>mengerum</em></span> <span class='ocrx_word' id='word_1_143' title='bbox 479 3037 508 3093; x_wconf 91' lang='lat' dir='ltr'><em>in</em></span> <span class='ocrx_word' id='word_1_144' title='bbox 526 3038 671 3094; x_wconf 76' lang='lat' dir='ltr'><em>ludaismo</em></span> <span class='ocrx_word' id='word_1_145' title='bbox 690 3042 823 3097; x_wconf 85' lang='lat' dir='ltr'><em>revelato.</em></span> <span class='ocrx_word' id='word_1_146' title='bbox 850 3043 890 3098; x_wconf 89' lang='lat'><em>11.</em></span> <span class='ocrx_word' id='word_1_147' title='bbox 908 3058 937 3110; x_wconf 88' lang='lat' dir='ltr'><em>p.</em></span> <span class='ocrx_word' id='word_1_148' title='bbox 956 3046 1017 3100; x_wconf 86' lang='grc'><strong>767.</strong></span> <span class='ocrx_word' id='word_1_149' title='bbox 1063 3040 1128 3117; x_wconf 68' lang='grc' dir='ltr'><em>δεᾶ</em></span> <span class='ocrx_word' id='word_1_150' title='bbox 1146 3058 1222 3108; x_wconf 91' lang='lat' dir='ltr'><em>quo·</em></span> 
     </span>
     <span class='ocr_line' id='line_1_22' title="bbox 245 3140 1220 3215; baseline -0.005 -15"><span class='ocrx_word' id='word_1_151' title='bbox 245 3145 320 3200; x_wconf 90' lang='lat' dir='ltr'><em>niam</em></span> <span class='ocrx_word' id='word_1_152' title='bbox 337 3140 486 3213; x_wconf 79' lang='lat' dir='ltr'><em>singularia</em></span> <span class='ocrx_word' id='word_1_153' title='bbox 504 3159 537 3196; x_wconf 91' lang='lat' dir='ltr'><em>ea</em></span> <span class='ocrx_word' id='word_1_154' title='bbox 554 3143 757 3213; x_wconf 84' lang='lat' dir='ltr'><em>interpretatio,</em></span> <span class='ocrx_word' id='word_1_155' title='bbox 774 3145 868 3199; x_wconf 90' lang='lat' dir='ltr'><em>multis</em></span> <span class='ocrx_word' id='word_1_156' title='bbox 886 3145 1008 3215; x_wconf 82' lang='lat' dir='ltr'><em>quidem,</em></span> <span class='ocrx_word' id='word_1_157' title='bbox 1026 3155 1057 3200; x_wconf 90' lang='lat' dir='ltr'><em>ut</em></span> <span class='ocrx_word' id='word_1_158' title='bbox 1074 3143 1154 3200; x_wconf 89' lang='lat' dir='ltr'><em>modo</em></span> <span class='ocrx_word' id='word_1_159' title='bbox 1175 3142 1220 3196; x_wconf 84' lang='lat' dir='ltr'><em>vi-</em></span> 
     </span>
     <span class='ocr_line' id='line_1_23' title="bbox 247 3245 1223 3324; baseline -0.005 -20"><span class='ocrx_word' id='word_1_160' title='bbox 247 3251 347 3315; x_wconf 87' lang='lat' dir='ltr'><em>dimus,</em></span> <span class='ocrx_word' id='word_1_161' title='bbox 372 3249 506 3319; x_wconf 87' lang='lat' dir='ltr'><em>probata,</em></span> <span class='ocrx_word' id='word_1_162' title='bbox 534 3246 655 3324; x_wconf 87' lang='lat' dir='ltr'><em>nondum</em></span> <span class='ocrx_word' id='word_1_163' title='bbox 681 3257 771 3302; x_wconf 86' lang='lat' dir='ltr'><em>tamen</em></span> <span class='ocrx_word' id='word_1_164' title='bbox 789 3250 959 3317; x_wconf 83' lang='lat' dir='ltr'><em>argumentis</em></span> <span class='ocrx_word' id='word_1_165' title='bbox 982 3249 1050 3305; x_wconf 85' lang='lat' dir='ltr'><em>satis</em></span> <span class='ocrx_word' id='word_1_166' title='bbox 1068 3258 1111 3304; x_wconf 87' lang='lat' dir='ltr'><em>est</em></span> <span class='ocrx_word' id='word_1_167' title='bbox 1127 3245 1223 3312; x_wconf 83' lang='lat' dir='ltr'><em>expli·</em></span> 
     </span>
     <span class='ocr_line' id='line_1_24' title="bbox 248 3350 1227 3421; baseline -0.004 -13"><span class='ocrx_word' id='word_1_168' title='bbox 248 3363 325 3419; x_wconf 87' lang='lat' dir='ltr'><em>cata,</em></span> <span class='ocrx_word' id='word_1_169' title='bbox 353 3368 425 3419; x_wconf 90' lang='lat' dir='ltr'><em>quae</em></span> <span class='ocrx_word' id='word_1_170' title='bbox 454 3351 610 3405; x_wconf 86' lang='lat' dir='ltr'><em>accuratius</em></span> <span class='ocrx_word' id='word_1_171' title='bbox 633 3351 777 3418; x_wconf 88' lang='lat' dir='ltr'><em>aliquanto</em></span> <span class='ocrx_word' id='word_1_172' title='bbox 802 3364 960 3421; x_wconf 83' lang='lat' dir='ltr'><em>exponatur</em></span> <span class='ocrx_word' id='word_1_173' title='bbox 994 3363 1024 3408; x_wconf 88' lang='lat' dir='ltr'><em>et</em></span> <span class='ocrx_word' id='word_1_174' title='bbox 1055 3350 1227 3416; x_wconf 75' lang='lat' dir='ltr'><em>stabiliatur,</em></span> 
     </span>
     <span class='ocr_line' id='line_1_25' title="bbox 248 3443 1227 3526; baseline -0.005 -14"><span class='ocrx_word' id='word_1_175' title='bbox 248 3457 322 3512; x_wconf 86' lang='lat' dir='ltr'><em>haud</em></span> <span class='ocrx_word' id='word_1_176' title='bbox 339 3457 481 3526; x_wconf 83' lang='lat' dir='ltr'><em>indignum</em></span> <span class='ocrx_word' id='word_1_177' title='bbox 499 3455 612 3509; x_wconf 90' lang='lat' dir='ltr'><em>omnino</em></span> <span class='ocrx_word' id='word_1_178' title='bbox 631 3472 721 3522; x_wconf 91' lang='lat' dir='ltr'><em>neque</em></span> <span class='ocrx_word' id='word_1_179' title='bbox 739 3472 755 3509; x_wconf 88' lang='lat' dir='ltr'><em>a</em></span> <span class='ocrx_word' id='word_1_180' title='bbox 772 3466 867 3510; x_wconf 81' lang='lat' dir='ltr'><em>nostra</em></span> <span class='ocrx_word' id='word_1_181' title='bbox 885 3454 1073 3526; x_wconf 82' lang='lat' dir='ltr'><em>disputatione</em></span> <span class='ocrx_word' id='word_1_182' title='bbox 1090 3443 1227 3509; x_wconf 81' lang='lat' dir='ltr'><em>absonum</em></span> 
     </span>
     <span class='ocr_line' id='line_1_26' title="bbox 249 3550 1228 3628; baseline -0.005 -12"><span class='ocrx_word' id='word_1_183' title='bbox 249 3562 368 3617; x_wconf 87' lang='lat' dir='ltr'><em>videtur.</em></span> <span class='ocrx_word' id='word_1_184' title='bbox 420 3560 483 3614; x_wconf 86' lang='lat' dir='ltr'><em>Hoc</em></span> <span class='ocrx_word' id='word_1_185' title='bbox 510 3558 597 3628; x_wconf 83' lang='lat' dir='ltr'><em>igitur</em></span> <span class='ocrx_word' id='word_1_186' title='bbox 620 3559 651 3611; x_wconf 89' lang='lat' dir='ltr'><em>in</em></span> <span class='ocrx_word' id='word_1_187' title='bbox 669 3567 780 3628; x_wconf 89' lang='lat' dir='ltr'><em>promtu</em></span> <span class='ocrx_word' id='word_1_188' title='bbox 803 3569 846 3614; x_wconf 86' lang='lat' dir='ltr'><em>est</em></span> <span class='ocrx_word' id='word_1_189' title='bbox 864 3550 1005 3626; x_wconf 74' lang='lat' dir='ltr'><em>omnibus,</em></span> <span class='ocrx_word' id='word_1_190' title='bbox 1021 3561 1079 3628; x_wconf 81' lang='lat' dir='ltr'><em>jam</em></span> <span class='ocrx_word' id='word_1_191' title='bbox 1098 3559 1228 3625; x_wconf 78' lang='lat' dir='ltr'><em>exejus,</em></span> 
     </span>
     <span class='ocr_line' id='line_1_27' title="bbox 251 3661 1225 3734; baseline -0.006 -14"><span class='ocrx_word' id='word_1_192' title='bbox 251 3663 300 3734; x_wconf 89' lang='lat' dir='ltr'><em>qui</em></span> <span class='ocrx_word' id='word_1_193' title='bbox 316 3665 419 3718; x_wconf 87' lang='lat' dir='ltr'><em>librum</em></span> <span class='ocrx_word' id='word_1_194' title='bbox 435 3662 564 3717; x_wconf 88' lang='lat' dir='ltr'><em>Danielis</em></span> <span class='ocrx_word' id='word_1_195' title='bbox 582 3661 782 3732; x_wconf 85' lang='lat' dir='ltr'><em>composuerit,</em></span> <span class='ocrx_word' id='word_1_196' title='bbox 800 3662 947 3730; x_wconf 87' lang='lat' dir='ltr'><em>sententia,</em></span> <span class='ocrx_word' id='word_1_197' title='bbox 965 3664 1055 3719; x_wconf 87' lang='lat' dir='ltr'><em>solum</em></span> <span class='ocrx_word' id='word_1_198' title='bbox 1072 3661 1225 3718; x_wconf 85' lang='lat' dir='ltr'><em>Medorum</em></span> 
     </span>
     <span class='ocr_line' id='line_1_28' title="bbox 251 3766 1250 3842; baseline -0.007 -16"><span class='ocrx_word' id='word_1_199' title='bbox 251 3789 386 3842; x_wconf 66' lang='lat' dir='ltr'><em>reguum,</em></span> <span class='ocrx_word' id='word_1_200' title='bbox 409 3787 462 3824; x_wconf 91' lang='lat' dir='ltr'><em>nec</em></span> <span class='ocrx_word' id='word_1_201' title='bbox 487 3784 555 3822; x_wconf 87' lang='lat' dir='ltr'><em>vero</em></span> <span class='ocrx_word' id='word_1_202' title='bbox 590 3769 676 3822; x_wconf 82' lang='lat' dir='ltr'><em>ltledo</em></span> <span class='ocrx_word' id='word_1_203' title='bbox 695 3797 709 3809; x_wconf 92' lang='lat'>·</span> <span class='ocrx_word' id='word_1_204' title='bbox 725 3766 890 3834; x_wconf 88' lang='lat' dir='ltr'><em>Persicum,</em></span> <span class='ocrx_word' id='word_1_205' title='bbox 917 3767 994 3836; x_wconf 89' lang='lat' dir='ltr'><em>quod</em></span> <span class='ocrx_word' id='word_1_206' title='bbox 1019 3766 1143 3833; x_wconf 89' lang='lat' dir='ltr'><em>dicitur,</em></span> <span class='ocrx_word' id='word_1_207' title='bbox 1170 3766 1250 3820; x_wconf 89' lang='lat' dir='ltr'><em>sub·</em></span> 
     </span>
     <span class='ocr_line' id='line_1_29' title="bbox 210 3843 1227 3950; baseline -0.01 -18"><span class='ocrx_word' id='word_1_208' title='bbox 210 3843 218 3861; x_wconf 33' lang='grc' dir='ltr'><strong>θ</strong></span> <span class='ocrx_word' id='word_1_209' title='bbox 251 3879 329 3950; x_wconf 83' lang='lat' dir='ltr'><em>Cyro</em></span> <span class='ocrx_word' id='word_1_210' title='bbox 346 3876 444 3940; x_wconf 83' lang='lat' dir='ltr'><em>Persa,</em></span> <span class='ocrx_word' id='word_1_211' title='bbox 462 3871 608 3940; x_wconf 85' lang='lat' dir='ltr'><em>excepisse</em></span> <span class='ocrx_word' id='word_1_212' title='bbox 617 3865 832 3945; x_wconf 69' lang='lat' dir='ltr'><em>Babylonicum,</em></span> <span class='ocrx_word' id='word_1_213' title='bbox 849 3871 1078 3942; x_wconf 82' lang='lat' dir='ltr'><em>quemadmodum</em></span> <span class='ocrx_word' id='word_1_214' title='bbox 1089 3869 1227 3924; x_wconf 81' lang='lat' dir='ltr'><em>Theodo-</em></span> 
     </span>
     <span class='ocr_line' id='line_1_30' title="bbox 251 3971 1226 4054; baseline -0.006 -17"><span class='ocrx_word' id='word_1_215' title='bbox 251 3989 323 4048; x_wconf 89' lang='lat' dir='ltr'><em>reto,</em></span> <span class='ocrx_word' id='word_1_216' title='bbox 332 3979 517 4054; x_wconf 83' lang='lat' dir='ltr'><em>Hieronymo,</em></span> <span class='ocrx_word' id='word_1_217' title='bbox 525 3977 734 4051; x_wconf 79' lang='lat' dir='ltr'><em>chrysostomo,</em></span> <span class='ocrx_word' id='word_1_218' title='bbox 745 3973 938 4050; x_wconf 80' lang='lat' dir='ltr'><em>Polychronio</em></span> <span class='ocrx_word' id='word_1_219' title='bbox 956 3973 985 4032; x_wconf 90' lang='lat' dir='ltr'><em>iu</em></span> <span class='ocrx_word' id='word_1_220' title='bbox 1003 3971 1226 4031; x_wconf 74' lang='lat' dir='ltr'><em>Commentariis</em></span> 
     </span>
    </p>
   </div>
   <div class='ocr_carea' id='block_1_6' title="bbox 0 0 1346 4906">
    <p class='ocr_par' dir='ltr' id='par_1_6' title="bbox 0 0 1346 4906">
     <span class='ocr_line' id='line_1_31' title="bbox 0 0 1346 4906; baseline 0 0"><span class='ocrx_word' id='word_1_221' title='bbox 0 0 1346 4906; x_wconf 95' lang='lat' dir='ltr'><em> </em></span> 
     </span>
    </p>
   </div>
  </div>
 </body>
</html>
