2626 4906
161 611 212 690 16

161 816 1135 920 studium,velpropterimmunditiem,velpropter

162 957 253 1031 alias
278 954 393 1053 malas
424 966 526 1030 artes
560 955 909 1056 pernicisiosasque
943 955 1135 1032 machinass

163 1095 288 1168 tiones
315 1116 428 1191 quam
453 1091 699 1168 acerbissime
724 1092 929 1194 inculpare
945 1103 987 1168 et
1005 1104 1137 1169 taxare

57 1326 61 1332 Ι
164 1232 276 1313 solet.
329 1229 479 1306 Eodem
492 1228 657 1325 accedit,
677 1230 784 1329 quod
800 1254 851 1307 cr
863 1231 1138 1308 Hebraeorum

162 1340 264 1468 ipsis
284 1365 516 1443 testimoniis
546 1377 752 1468 receptum
776 1392 823 1444 ac
847 1367 1047 1468 cognitum
1071 1368 1137 1443 ha-

164 1505 311 1600 bemus,
336 1512 419 1580 tum
442 1502 628 1604 temporis
645 1504 687 1579 in
707 1505 984 1606 Mesopotamia
998 1505 1137 1582 multas

164 1667 301 1719 eorum
326 1642 474 1718 scholas
500 1637 677 1717 floruisse
703 1653 745 1718 ct
769 1641 911 1739 Sorae,
942 1631 1138 1738 Neardae,

123 1791 130 1801 ‘
164 1780 439 1874 Pumbeditae,
477 1778 688 1874 Narescae,
725 1776 939 1856 Machunae
972 1780 1138 1879 aliisque

111 1948 128 1959 ··
164 1919 213 1994 in·
225 1917 364 1995 vicinis
382 1917 544 1993 urbibus
563 1917 782 2016 praeclaras
800 1919 917 1998 fuisse
936 1919 991 2013 ²⁷).
1031 1916 1140 2000 Quid

165 2055 273 2155 quod
299 2053 527 2129 Aurelius
554 2053 888 2152 Cassiodorus,
927 2056 997 2155 qui
1022 2053 1139 2153 circi-

165 2203 230 2267 ter
267 2215 351 2268 arm.
378 2187 457 2267 469
491 2214 519 2266 s.
546 2187 624 2266 4⁷0
662 2197 722 2291 cst
745 2199 874 2287 natus,
911 2200 958 2268 ut
993 2156 1139 2268 summo

166 2329 372 2404 literarum
410 2326 668 2403 hebraearum
704 2326 904 2405 desiderio
938 2329 1139 2424 excitatus,
1172 2361 1175 2367 ¹

165 2465 220 2541 ita
246 2465 385 2540 dolore
412 2463 660 2542 acerbissimo
686 2463 800 2540 simul
824 2466 997 2563 affectus,
1032 2466 1141 2566 quod

167 2600 374 2702 scripturis
417 2599 560 2677 divinis
600 2599 774 2701 magistri
808 2601 962 2704 publici
995 2603 1140 2678 Romae

166 2741 368 2833 deessent,
420 2762 611 2813 unacum
640 2737 809 2839 agapito
851 2737 976 2839 Papa,
1030 2740 1141 2815 scho-

166 2877 233 2951 las.
248 2864 424 2977 publicas
459 2875 509 2951 ad
542 2883 710 2952 sanctam
738 2875 974 2979 scriptmam
1014 2876 1141 2953 addis·

167 3015 329 3092 cendam
372 3013 517 3092 Romae
564 3011 791 3091 instituere
817 3014 861 3092 in
894 3013 1033 3091 ‘animo
1073 3015 1141 3090 ha-

167 3153 265 3249 buit,
301 3153 434 3253 quoles
471 3163 554 3231 tum
602 3152 789 3252 temporis
838 3151 883 3229 in
919 3151 1018 3227 urbe
1057 3149 1095 3230 N
1101 3152 1140 3228 i-

168 3291 281 3384 sibi,
328 3317 402 3389 qua
459 3289 544 3388 ipse
583 3289 823 3389 Ephraemus
861 3297 994 3364 noster
1027 3300 1140 3365 natus

168 3438 211 3505 et
248 3428 443 3505 institutus
480 3425 635 3522 fuisset,
675 3424 790 3518 ,laete
829 3423 1015 3505 florentes
1066 3426 1140 3506 sci·

217 3811 264 3873 27)
283 3808 413 3863 Assem.
432 3810 465 3865 B.
484 3811 519 3865 0.
555 3810 578 3866 1.
597 3811 627 3897 in
644 3811 771 3880 Prologo
789 3828 817 3882 p.
834 3813 853 3869 2
870 3817 898 3866 et
913 3815 940 3870 3.
958 3841 991 3855 -
1009 3784 1139 3864 Banto-

167 3912 289 3966 loccii
307 3912 382 3970 Bibl.
401 3915 509 3972 rabbin.
519 3915 552 3971 Τ.
563 3916 618 3972 111.
637 3933 666 3986 p.
680 3921 740 3978 663.
758 3928 792 3965 -·-
810 3916 918 3976 Wolf
922 3913 951 3972 ii
967 3914 1041 3972 Bibl.
1049 3915 1136 3971 Hebr.
1157 3970 1161 3977 ,

166 4016 207 4072 11.
225 4032 253 4085 p.
272 4020 332 4076 921.
