2626 4906
255 571 333 682 aas

253 778 318 864 C),
347 778 444 848 Elias
465 776 558 846 viam
578 797 674 851 suam
691 772 815 844 eontra
834 777 1043 864 Jesabelem,
1079 784 1233 867 reginam

255 902 428 983 rebellem,
451 901 598 979 direxit3
622 906 724 987 atque
745 901 835 966 huno
856 918 955 966 snum
972 923 1114 988 scopum
1130 905 1234 989 plane

253 1024 330 1105 ipse
350 1021 504 1087 declarat
522 1023 615 1086 dicto
643 1021 791 1104 factove,
815 1043 856 1087 eo
870 1024 1018 1105 scilieet,
1041 1025 1133 1108 quod
1154 1044 1232 1090 cum

252 1139 372 1207 Baalis
399 1143 637 1209 sacerdotibus
665 1149 836 1207 certamen
863 1144 1034 1229 suscepit,
1052 1145 1230 1230 adeoque,

253 1255 432 1349 postquam
455 1283 515 1330 eos
535 1265 666 1349 pudore
689 1264 806 1350 affecit
826 1271 863 1328 et
882 1264 1079 1330 humiliavit
1086 1269 1232 1347 ,morti

255 1404 314 1450 eos
335 1384 491 1452 tradidit.
535 1384 590 1450 De
611 1384 772 1462 Jesahele'
793 1385 895 1449 etiam
918 1384 1124 1460 horrendum
1146 1387 1235 1450 illud

254 1506 396 1570 verbum
424 1505 585 1586 Achabo‚
617 1507 740 1587 marito
770 1511 851 1589 ejus
867 1506 974 1570 dixit:
1008 1507 1111 1573 Canes
1134 1527 1235 1570 come-

257 1628 333 1690 dent
354 1624 535 1694 Jeaobelem
564 1630 599 1691 io
628 1648 711 1710 agro
733 1628 868 1691 Israelis
896 1627 929 1701 (1
954 1624 1064 1710 Rogg.
1088 1628 1142 1708 21,
1166 1629 1234 1708 23),

254 1765 287 1810 v.
305 1749 343 1812 2.
377 1749 504 1812 Recede
536 1748 612 1818 dioc
643 1758 673 1810 et
707 1749 853 1811 delitesce
883 1750 918 1810 io
945 1757 1087 1811 torrente
1110 1748 1234 1815 Cerilli.

255 1865 358 1944 Quod
388 1889 489 1932 ausus
522 1875 574 1930 est
596 1867 819 1931 Jerobeamus
841 1867 1067 1930 inSemeiam
1089 1866 1236 1950 prophe-

137 2072 140 2077 ·
254 1991 336 2069 tam,
356 1990 415 2071 qui
433 1990 678 2055 eumlibertate
694 1985 756 2067 ³²⁰)
776 2009 852 2051 eum
871 1986 1157 2071 reprehendisset,
1170 2007 1237 2050 non

256 2128 358 2172 ausus
381 2109 518 2192 quidem
542 2116 593 2173 est
615 2108 775 2172 Achabus
797 2109 833 2170 in
855 2102 987 2185 Eliam3
1015 2128 1125 2190 neque
1148 2107 1238 2170 enim

255 2230 368 2294 stabat
389 2229 433 2296 ad
456 2229 611 2294 dextram
633 2235 707 2312 ejus
729 2229 880 2310 Jesabel,
911 2249 997 2312 quae
1020 2247 1097 2292 eum
1121 2228 1237 2291 conci-

255 2355 365 2430 taret,
402 2349 567 2415 Achabus·
592 2350 754 2415 nimirum
782 2356 903 2433 suopte
930 2348 1067 2430 ingenio
1097 2347 1238 2411 minime

254 2470 440 2534 iracundus
463 2446 614 2560 (arratam)
637 2475 720 2535 erat.
772 2469 902 2534 Mulier
923 2474 997 2552 ejus
1019 2489 1094 2532 eum
1114 2468 1240 2533 incita·

183 2670 184 2675 ἵ
254 2591 318 2654 vit.
381 2590 557 2674 Propheta
597 2597 709 2653 autem
740 2589 830 2672 sugit
862 2610 881 2653 e
913 2594 1097 2673 conspectu
1130 2589 1235 2671 regie.

256 2708 419 2772 Fortasse
441 2709 525 2790 suit,
547 2713 587 2772 ut
606 2707 763 2775 dominus
785 2713 862 2792 ejus
882 2709 1059 2773 mandaret
1082 2709 1132 2790 ei,
1164 2728 1237 2772 mo-

256 2829 328 2894 rari
358 2828 449 2912 apud
477 2848 612 2912 regem5
641 2849 732 2894 nunc
759 2848 850 2906 nero>
865 2829 1035 2923 praecipit
1055 2829 1109 2911 ei,
1138 2831 1237 2893 utin

256 2955 407 3013 torrente
440 2948 566 3018 ¹Carith
600 2970 708 3034 prope
743 2949 935 3023 Jordanem¹
966 2968 1014 3021 se.
1035 2950 1234 3014 abscondat.

256 3070 363 3134 Forte
385 3070 501 3133 dices:
529 3071 643 3136 Eliam
665 3071 787 3147 eliam,
816 3069 973 3152 domine„
995 3069 1115 3154 fugere
1133 3072 1235 3154 jubes

256 3197 293 3256 et
320 3191 516 3274 speluncam
547 3190 718 3275 quaerere
733 3199 767 3255 et
788 3193 882 3267 intra¹
900 3192 1043 3272 vallem,
1078 3191 1234 3254 omnihus

256 3310 426 3393 ignotam,
454 3331 494 3375 se
516 3310 662 3379 abderet
697 3312 752 3375 En
773 3331 871 3394 vero,
892 3312 1033 3396 qnando,
1049 3311 1236 3376 Jeremiam

258 3430 440 3496 defendere
461 3433 600 3496 voluisti
623 3434 665 3496 ab
689 3433 903 3509 adversariis,
918 3434 1010 3513 suis,
1040 3452 1141 3496 nemo
1160 3453 1237 3495 enm

256 3551 375 3633 laesit,
409 3552 592 3640 Chaldaeis
620 3552 867 3639 Hierosolyma
894 3553 1121 3657 eirpurncirea
1143 3552 1237 3616 obsi-

309 3799 373 3861 320)
391 3808 555 3887 κρῆ-,ηπ
572 3754 621 3860 gr.¹
631 3793 786 3868 παῤῥησιᾳ,
803 3809 861 3847 com
882 3793 1018 3856 libertale,
1034 3788 1179 3857 intrepide,
1193 3790 1235 3852 fi·

258 3902 359 3956 denter.
379 3899 403 3954 1.
422 3902 482 3956 rsa.
500 3897 536 3953 D.
547 3901 608 3955 tola
625 3897 657 3953 0.
674 3896 716 3952 11.
735 3901 796 3958 1³&
814 3897 859 3952 Ι).·
871 3895 968 3951 Jacob.
976 3895 1075 3951 Edem.
1086 3910 1133 3962 ep.
1142 3893 1236 3962 Ephr.

260 4010 287 4073 1,
305 4008 363 4063 ltl.
381 4003 415 4058 B.
434 4014 606 4093 κῖωᾛκς,
644 3999 714 4056 Vox
735 3999 783 4055 illa
802 3998 918 4054 Lexicie
936 3999 1023 4056 deest.
