2626 4906
165 599 218 678 82

165 803 266 881 Tum
290 800 452 878 multum
475 800 592 877 laude
616 799 806 902 processit
839 779 976 898 tertia,
1010 778 1137 904 quam

165 967 215 1018 er
239 939 433 1017 Edessena
457 939 661 1015 Persarum
686 939 815 1013 schola
843 940 882 1035 a]
900 939 976 1016 489
1004 940 1137 1018 diruta

166 1077 294 1154 erexit
303 1077 441 1153 Narses
454 1078 522 1170 l⁰⁰).
574 1076 625 1150 At
646 1076 813 1150 omnium
830 1076 991 1150 maxime
1005 1078 1136 1153 excel-

165 1216 298 1290 lebant
323 1225 365 1289 et
390 1213 432 1288 in
455 1212 731 1313 Mesopotamia
757 1237 843 1286 cum
868 1213 1003 1312 primis
1036 1214 1137 1291 clari

165 1350 465 1427 numerabantur
489 1350 642 1424 scholae
664 1350 962 1424 Edessenae.
1014 1350 1138 1426 Edes-

166 1514 229 1581 sae
253 1486 309 1583 ¹⁰¹)
346 1487 449 1563 enim
475 1486 660 1581 ecclesia,
699 1511 797 1585 quae
831 1485 936 1559 inter
966 1460 1138 1586 paganos

167 1614 356 1700 exstitisse
393 1596 571 1716 videtur,
611 1622 662 1697 de
700 1622 914 1695 orthodoxa
951 1648 1017 1697 sua
1041 1625 1137 1720 fide,

163 1763 242 1860 jam
265 1760 360 1837 inde
385 1760 433 1837 ab
459 1784 509 1836 eo
543 1770 721 1859 tempore
752 1758 938 1858 religiose
973 1772 1137 1856 servata,

664 1876 668 1907 l

167 2085 223 2136 que
251 2067 377 2134 tlagaret.
420 2064 467 2144 Ad
500 2062 568 2118 haec
596 2079 650 2133 ego
677 2062 825 2132 respondi:
861 2061 966 2118 vidisse
997 2065 1136 2132 quendam

167 2170 259 2224 Paulo
277 2168 398 2233 nomine,
416 2167 565 2222 Persarum
582 2183 695 2235 genere,
717 2166 813 2233 quiin
830 2164 965 2238 Syrorarn
983 2165 1088 2223 Schola
1104 2168 1137 2224 in

167 2270 260 2337 Nisibi
278 2272 349 2327 urbe
365 2280 408 2326 est
425 2272 549 2337 edoctus,
567 2268 616 2324 ubi
633 2269 729 2324 divina
744 2269 793 2325 lex
806 2269 1022 2339 per'magistros
1039 2272 1135 2343 publi-

167 2392 225 2441 cos,
253 2375 325 2430 sicut
353 2373 429 2444 apud
460 2389 512 2429 nos
541 2373 572 2427 iu
598 2371 742 2426 mundanis
769 2371 868 2426 studiis
894 2372 1080 2434 Grammatica
1106 2382 1136 2432 et

166 2464 320 2532 Rhetorica
344 2475 443 2530 ordine
466 2492 500 2530 ac
523 2475 691 2543 regulariter
712 2473 837 2528 traditur.
875 2475 954 2529 Tunc
976 2475 1024 2530 diu
1047 2493 1135 2544 quae·

61 2596 63 2600 ’
167 2580 251 2646 situs,
271 2579 296 2634 si
313 2579 382 2648 quid
399 2579 514 2648 exejus
531 2578 613 2632 dictis
631 2577 778 2643 haberem,
805 2575 882 2644 dixi,
908 2579 984 2646 quod
1001 2579 1135 2649 legissem
1182 2636 1184 2641 ⁴

167 2681 290 2750 singulas
308 2681 448 2748 quasdam,
476 2680 576 2748 quibus
598 2680 648 2734 ille
666 2679 865 2748 discipulorum
882 2681 998 2749 animos,
1024 2682 1145 2740 divina·.

166 2801 228 2838 rum
247 2782 455 2853 Scripturarum
473 2783 622 2853 superficie
645 2783 807 2848 instructos,
833 2782 994 2852 priusquam
1015 2785 1134 2857 exposi-

165 2885 253 2942 tionis
270 2886 411 2958 prosuuda
426 2888 604 2954 patefaceret,
623 2886 730 2941 solebat
745 2862 883 2941 imliuere:
902 2869 932 2939 ut
949 2887 1070 2954 ipsarum
1088 2888 1133 2943 in-

166 2988 248 3045 terim
265 3005 423 3056 causarum,
446 3007 517 3058 quae
534 2989 563 3043 in
580 2990 675 3045 divina
691 2990 755 3057 lege
772 2998 931 3054 versantur,
949 2985 1133 3053 intentionem

166 3092 347 3163 ordinemque
374 3103 588 3162 cognoscerent:
616 3110 651 3146 ue
678 3092 796 3160 sparsim
815 3101 850 3146 et
876 3092 1048 3160 turbulente,
1080 3095 1134 3153 aad

164 3195 332 3266 regulariter
347 3194 458 3266 singula
475 3195 644 3251 discerent.“
660 3228 695 3241 -

215 3335 279 3398 roo)
302 3349 329 3389 v.
348 3330 487 3387 Simeonis
503 3328 777 3387 Beth-Arsameasis
802 3331 883 3400 epist.
906 3332 982 3402 apud
1002 3334 1132 3393 Assem.

162 3431 198 3490 B.
215 3434 251 3491 0.
269 3432 294 3490 1.
310 3437 371 3492 ast
389 3432 450 3489 init.
485 3435 521 3490 cl.
540 3433 596 3489 111.
612 3437 639 3491 2.
657 3436 718 3491 927.

191 3561 202 3583 ’“’
214 3572 278 3635 1⁰1)
299 3570 345 3627 De
366 3569 478 3626 nomine
498 3571 622 3626 Edessae
648 3571 781 3638 perdocte
804 3580 832 3626 et
856 3580 951 3640 acute,
978 3581 1008 3628 ut
1030 3573 1132 3630 solitus

163 3680 216 3740 est,
233 3673 386 3743 disputavit
402 3664 560 3761 vir'heatus
577 3673 771 3742 Philippus
786 3674 992 3731 Buttmanue
1017 3653 1047 3730 in
1070 3677 1131 3732 siu-

162 3776 254 3846 gulari
281 3777 532 3845 commentatione,
557 3777 661 3832 inserta
678 3776 767 3832 libro:
794 3779 976 3848 winthotogut,
1003 3784 1060 3836 obet
1077 3760 1129 3838 ai-

82 3933 84 3937 ,
161 3883 318 3950 tonbtuoqen
336 3877 395 3939 uta
411 3883 449 3940 tte
465 3884 555 3952 &agea
576 3883 618 3940 tet
635 3867 801 3950 madunt.
818 3881 852 3938 Τ.
870 3882 895 3940 Ῑ.
922 3882 1028 3948 (Berol.
1047 3874 1129 3950 1825)

163 3985 337 4056 omres·
438 3998 446 4032 ’-
