2626 4906
943 585 1021 666 175

22 793 244 875 ecclesiae
289 790 472 893 mysteria
503 788 752 891 prophetice
792 815 1021 892 repraesen-

50 944 194 1009 tartmt.
255 931 451 1029 Tempore
476 929 619 1028 igitur,
651 929 757 1026 quod
785 927 905 1028 Legis
929 957 1022 1031 pro·

52 1069 329 1170 mulgatiouem
355 1067 577 1160 antecessit,
604 1065 697 1139 inde
724 1065 771 1139 ab
805 1067 1023 1146 homiuibus

52 1189 314 1310 protoplastis,
323 1227 589 1304 propeomnes
599 1201 693 1300 justi
713 1213 753 1276 et
762 1203 1023 1302 Patriarchae,

54 1345 236 1419 nimirum
261 1343 442 1434 Adamus,
481 1340 799 1438 quemadmodum
830 1342 913 1416 Eva
943 1344 1025 1419 visa

57 1492 116 1557 est
154 1478 300 1556 Mariae
339 1480 474 1553 umbra
507 1479 583 1572 ²⁴⁷),
628 1503 827 1576 porroque
867 1480 1025 1577 Abalus,

58 1619 220 1711 Sethus‚
254 1616 417 1710 mosas,
451 1616 663 1690 Heuochus
695 1616 874 1710 61324.
908 1617 952 1695 Ε.
979 1619 1025 1694 Τ.

59 1757 147 1834 326.
167 1755 231 1849 Α),
252 1753 575 1846 Methusalachus,
594 1753 820 1850 Lamachus,
837 1754 1028 1851 Noachus,

61 1893 260 1986 Schemtu,
285 1892 510 1990 taphethus,
543 1891 790 1986 Abrahamus,
820 1892 1030 1968 Melchise-

63 2031 195 2126 dekus‚
221 2029 380 2123 Lothus‚
407 2037 596 2125 tamquam
620 2026 768 2103 Christi
788 2029 877 2129 typi
898 2029 1030 2127 instar,

64 2197 152 2246 eum
178 2167 450 2243 desiderarunt
474 2165 552 2261 2⁴⁸),
587 2165 655 2265 qui
662 2219 676 2261 ‚
712 2191 830 2264 quum
863 2167 1032 2243 omnium

64 2330 319 2348 ’.ι-ι-

112 2410 177 2471 att)
204 2404 245 2463 11.
263 2407 323 2462 318.
343 2401 374 2458 G.
400 2406 461 2461 321.
479 2401 510 2459 O.
536 2405 597 2461 327.
618 2401 657 2461 V.
676 2399 707 2459 S.
723 2402 763 2461 V.
788 2403 969 2474 Augusti:
996 2405 1034 2461 de

65 2509 175 2585 hymnis
194 2507 331 2581 Syrorum
349 2506 446 2573 sacris,
463 2524 492 2575 p.
510 2509 558 2564 19:
581 2506 1032 2578 „1toriusMariom,'Deiporam,

67 2621 92 2668 et
108 2616 207 2679 Euuru,
234 2627 386 2670 communem
402 2611 513 2685 generis
528 2610 635 2664 humaui
651 2618 771 2678 matrem,
796 2620 974 2680 ccrnparutom
990 2613 1034 2666 iu-

66 2717 164 2783 venies,
191 2714 307 2784 quoruois
323 2731 376 2767 rou
389 2710 505 2783 prorsus
522 2715 653 2768 omittitur
664 2715 865 2783 parallelismus
882 2717 937 2784 itte,
954 2722 984 2770 ut
1001 2732 1036 2771 er:

67 2823 137 2876 Ireu.
158 2819 218 2873 adu.
231 2817 339 2872 haeres.
361 2818 394 2873 V.
413 2821 455 2874 19.
475 2824 559 2886 patet.
601 2818 630 2870 A
655 2818 735 2886 Syrie
759 2824 844 2871 tamen
862 2819 1036 2899 frequentiae

68 2923 217 2978 adhibetur.
253 2920 419 2990 Ephroemas
437 2927 491 2974 tres
508 2918 571 2974 huia
587 2919 783 2989 comparationi
798 2920 906 2989 hymnos
923 2921 1035 2978 dicauit.
1062 2921 1065 2929 ’

70 3029 107 3095 cs.
124 3022 260 3083 Assera.
278 3026 314 3079 Β.
335 3026 365 3079 0.
383 3025 408 3078 Ι.
423 3041 452 3093 p.
470 3021 533 3081 9⁰.“

118 3166 184 3231 ate)
211 3163 299 3219 Serra.
317 3162 354 3235 1„
368 3161 405 3216 de
429 3161 514 3216 natis.
537 3158 642 3216 Christi
664 3161 705 3216 11.
722 3163 782 3219 397.
808 3161 848 3215 B:
874 3161 1037 3218 Benedictus

70 3269 110 3324 eu
122 3285 210 3330 verax
226 3268 286 3336 ute,
313 3266 359 3335 qui
373 3267 447 3320 uertit
464 3283 482 3319 u
497 3273 575 3333 patre
590 3265 716 3320 ueritatis
734 3273 760 3319 et
777 3267 881 3320 locutus
898 3274 939 3320 est
955 3269 1037 3322 verbu

70 3390 145 3440 veru,
153 3360 259 3442 uuaea'a
268 3371 381 3425 ueritate
391 3388 443 3424 sua
455 3377 514 3425 suut
524 3371 657 3438 perfecta.
693 3371 740 3424 Ex
746 3369 913 3439 promtuaria
926 3377 971 3425 tao
979 3374 1037 3426 tur·

71 3478 133 3544 sire
149 3475 262 3543 domiue,
281 3492 314 3529 ex
335 3475 471 3529 thesauris
488 3474 679 3543 scripturarum
694 3481 806 3542 tuarum,
829 3475 934 3529 uomina
945 3478 1040 3543 justo-

72 3597 127 3635 noa
141 3587 271 3645 veterata,
297 3579 343 3649 qui
364 3581 456 3633 attere
481 3580 616 3632 aduentum
640 3583 709 3631 tuum
731 3584 898 3646 exoptarunt.
942 3580 1041 3635 Settue

75 3683 129 3750 tue,
146 3682 194 3754 qut
209 3683 293 3737 Atete'
309 3683 513 3748 subrogaretur,
525 3681 613 3745 fitium
631 3680 708 3744 (Dei)
731 3681 844 3745 oceieum
855 3699 909 3757 ‘per
919 3682 1041 3749 figuram

77 3788 241 3841 adumbrauit
259 3769 400 3850 (Πξῦᾈ).
414 3789 492 3852 cujus
515 3800 577 3837 aeae
590 3785 715 3851 futurum
740 3792 813 3852 erat,
837 3776 868 3840 ut
890 3785 1041 3839 hebesceret

78 3890 187 3958 torridis,
205 3907 280 3960 quam
296 3890 406 3944 Kaiuue
423 3890 516 3942 mundo
534 3890 669 3943 intulerat.
715 3889 794 3944 Vidit
814 3888 943 3945 Nouchus
960 3888 1041 3951 filios

81 3993 184 4050 Etotr‘ar
208 3995 260 4061 (et)
291 4000 401 4049 eartctoe
431 3992 548 4049 lasciuia
572 3992 661 4057 autito
686 3993 821 4062 defluam,
853 3998 880 4046 et
904 3988 1042 4060 exoptavit
