2626 4906
271 595 347 671 190

269 799 456 876 nedicti
504 800 549 891 (l.
587 801 636 873 ad
670 799 783 911 Lect,
824 826 862 901 p.
897 804 985 898 V.),
1030 807 1242 906 Ephraemi

269 938 491 1013 methodum
526 936 643 1010 fuisse
670 963 772 1031 eam,
788 1030 791 1035 Ι
810 965 922 1037 quam
957 942 1243 1021 Patriarchatus

269 1073 503 1151 Antiocheni
529 1074 682 1148 scholae
721 1077 804 1171 ejus
840 1087 1018 1176 tempore
1045 1093 1242 1176 tenerent,

270 1239 394 1314 quave
421 1222 672 1285 versarentur
688 1212 918 1287 Theodorus
941 1215 1242 1313 Commentator,

269 1353 351 1426 sive
378 1349 684 1448 chrysostomus,
711 1349 793 1422 sive
821 1351 1112 1448 Theodoretus5
1151 1381 1243 1453 por-

268 1513 391 1587 roque
441 1486 753 1578 Ernestium,
805 1487 932 1560 virum
976 1487 1242 1586 immortalem,

268 1625 419 1702 mireris
447 1624 497 1697 de
524 1623 742 1721 Ephraemo
768 1624 865 1696 haec
893 1624 1127 1700 scribentem
1154 1628 1241 1721 (1.1.

267 1791 306 1863 p.
334 1762 447 1856 461):
476 1759 585 1833 illum
612 1761 658 1833 ab
678 1759 916 1858 Origeniano
940 1762 1036 1837 vitio
1055 1765 1242 1869 intactum

268 1900 384 1974 fuisse
411 1909 452 1972 et
487 1896 712 1995 propiorem
738 1895 907 1971 Diodori
939 1910 1003 1972 aut
1037 1900 1241 1974 Theodori

267 2035 426 2129 rationi,
453 2033 518 2107 vel
546 2032 678 2105 saltem
705 2032 989 2132 Chrysostomi,
1025 2035 1165 2110 Isidori
1192 2038 1240 2111 si-

268 2172 491 2268 miliumque
511 2169 776 2245 moderationi.
829 2170 917 2243 Atat
941 2173 1040 2244 hanc
1067 2172 1240 2247 virorum

269 2311 472 2384 doctorum
515 2307 762 2401 sententiam,
815 2333 1038 2406 quamquam
1077 2309 1127 2406 ei⁴
1153 2311 1239 2386 veri

268 2447 451 2547 quiddam
477 2444 526 2517 sit
552 2443 770 2536 admixtum,
796 2453 922 2518 tamen
941 2447 1097 2521 maxima
1124 2449 1239 2522 ambi-

269 2583 416 2682 guitate
449 2581 649 2673 laborare,
689 2579 804 2654 facile
838 2594 896 2654 est
931 2583 980 2654 ad
1014 2584 1237 2661 videndum.

269 2722 353 2800 Qua
380 2720 432 2792 dc
457 2742 502 2791 re
528 2717 711 2790 facillime
737 2717 998 2817 unusquisque
1025 2721 1239 2818 legentium

264 2857 444 2956 judicare
469 2853 601 2952 possit,
628 2854 660 2927 si
686 2854 835 2928 recolat
861 2856 929 2947 (ne
957 2882 1002 2932 ea
1027 2882 1128 2930 nunc
1166 2859 1239 2932 ite-

267 2995 426 3086 remus),
439 3016 538 3089 quae
555 2992 605 3065 de
622 2991 751 3065 schola
764 2991 1003 3066 Antiocheno
1017 2993 1057 3065 in
1070 2996 1240 3069 secunda

266 3131 380 3228 hujus
406 3128 610 3202 voluminis
636 3140 747 3227 parte
774 3129 977 3227 separatim
997 3132 1239 3229 exposuimus

267 3269 397 3367 (impr.
424 3265 518 3338 inde
545 3288 565 3336 a
591 3289 628 3362 p.
656 3263 735 3357 67).
787 3265 937 3365 Nempe
963 3268 1037 3340 hoc
1060 3268 1238 3364 vidimus,

267 3403 423 3478 scholae
454 3400 719 3474 Antiochenae
753 3399 794 3471 in
831 3403 949 3475 sacris
980 3403 1092 3478 libris
1120 3431 1238 3506 expo-

266 3539 404 3614 nendis
431 3536 631 3630 rationem,
657 3560 757 3632 quae
783 3550 884 3610 esset
908 3538 1117 3638 Ephraemi
1136 3553 1237 3618 aeta-

266 3684 327 3771 te,
363 3698 553 3772 quamque
580 3673 792 3747 consectati
818 3688 946 3749 essent
971 3677 1169 3755 Diodorus
1195 3692 1236 3756 ct

266 3814 454 3911 deinceps
480 3810 711 3885 Theodorus
737 3809 1043 3910 Mopsvestenus,
1075 3817 1123 3890 ab
1158 3819 1235 3895 hoc

265 3949 389 4028 nostri
432 3971 581 4049 genere
624 3947 911 4048 interpretandi
962 3954 1233 4052 quammaxime

466 4234 493 4268 θ’
