2626 4906
1006 560 1058 643 ll

78 777 236 872 gerent,
263 776 440 844 accurata
467 768 655 866 quaedam
680 769 854 870 cognitio
880 773 930 848 ad
950 772 1056 851 haud

76 909 319 984 mediocrem
345 907 384 984 S.
402 905 443 984 S.
469 908 647 983 locorum
671 935 873 986 numerum
899 937 1057 989 accura-

76 1050 156 1123 tius
197 1046 499 1147 explanandum,
535 1048 700 1123 multum
737 1050 972 1148 attulerunt3
1013 1049 1058 1129 in

76 1186 221 1287 quibus
269 1183 445 1259 omnibus
490 1184 695 1262 admodum
737 1188 898 1286 quidem
940 1202 1058 1271 caute

74 1323 296 1402 videndum
311 1322 418 1417 erit,
456 1347 508 1398 ne
538 1323 667 1398 fictam
698 1327 888 1424 quandam
926 1353 1058 1408 narra-

74 1463 225 1538 tionem
264 1470 306 1537 et
343 1459 528 1558 fabulam,
571 1462 624 1539 de
658 1488 737 1564 quo
773 1489 923 1566 genere
953 1466 1058 1546 infra

75 1599 318 1695 videbimus,
357 1609 550 1700 tamquam
573 1624 708 1678 veram
733 1616 776 1678 et
799 1629 823 1678 a
846 1604 1058 1704 majoribus

74 1707 247 1816 delatam
280 1737 532 1815 traditionem
565 1739 634 1815 vel
675 1750 787 1817 certe
829 1767 914 1819 eam
956 1770 1058 1846 quae

74 1879 270 1980 quandam
314 1876 492 1978 speciem
538 1875 682 1954 habeat
732 1877 930 1976 veritatis,
980 1882 1057 1961 tibi

74 2016 201 2092 vendi
225 2015 395 2117 patiaris.
464 1990 584 2099 unid-
606 2015 746 2090 mirum
778 2041 905 2114 nero,¹
937 2044 1058 2119 quum

73 2153 117 2229 in
166 2152 240 2228 illo
289 2177 462 2254 genere,
513 2152 622 2253 quod
663 2154 781 2230 modo
829 2158 1058 2256 monuimus,

75 2289 334 2387 excelluerit,
387 2292 496 2392 quod
528 2291 671 2381 ¹harum
717 2318 851 2371 rerum
894 2295 1059 2403 scientia

77 2429 175 2504 alios
201 2430 441 2530 interpretes
467 2429 516 2506 ab
539 2454 591 2504 ea
615 2454 774 2530 prorsus
798 2433 937 2527 nudos,
971 2404 1078 2535 ple-³

75 2591 246 2668 rumque
270 2564 512 2668 -superavitl
574 2567 704 2668 Atque
739 2567 854 2668 hujus
886 2571 1058 2670 generis,

75 2718 120 2782 ut
147 2705 193 2781 id
216 2694 401 2808 probem,
445 2706 633 2783 nonnulla
665 2705 784 2808 digna
809 2716 917 2807 sunt,
955 2733 1056 2810 quae

74 2845 181 2920 infra
206 2843 272 2919 hic
298 2842 569 2920 adscribantur
594 2845 651 2940 18).
683 2934 687 2941 4

81 3057 320 3078 Μ

129 3173 179 3235 18)
197 3167 298 3226 Veluti
324 3166 361 3222 nd
386 3167 480 3223 locum
493 3172 523 3226 *1
541 3167 616 3237 lagg.
635 3172 684 3236 18,
711 3171 747 3229 23
763 3184 825 3238 sqq.
844 3167 869 3226 1.
892 3171 947 3227 496
968 3165 1005 3224 B.
1020 3167 1059 3224 de

76 3274 164 3331 Eliee
182 3271 325 3328 sacrificio
351 3271 421 3327 hoec
445 3272 571 3340 disserit,
589 3290 660 3343 quae
676 3290 767 3343 paene
783 3274 900 3329 uerbum
917 3271 955 3328 de
969 3273 1060 3328 verb'o

77 3377 192 3433 reddita
206 3379 264 3445 jam
281 3384 451 3445 sequunturr
477 3376 646 3445 „Certamen
663 3377 784 3448 expetiit
807 3376 951 3443 (nimirum
966 3376 1059 3441 Elios)

78 3499 144 3537 cum
162 3481 259 3535 Boulis
276 3480 441 3551 prophetis;
469 3498 562 3551 neque
587 3491 679 3536 tamen
703 3481 733 3536 hi
759 3481 833 3538 viem
849 3481 1059 3550 quaesiverunt,
1141 3473 1147 3491 '

79 3595 114 3640 ut
131 3600 314 3654 congressum
332 3600 395 3638 cum
418 3601 452 3638 eo
471 3584 607 3640 evitarent
630 3585 771 3655 immoque
788 3587 864 3641 forte
880 3593 1059 3657 exoptarunt,

80 3689 107 3744 si
125 3688 240 3756 quidem
258 3704 355 3742 vemm
383 3696 424 3741 est
442 3687 530 3753 illud,
558 3688 633 3756 quod
656 3688 790 3744 nonnulli.
807 3706 846 3744 ex
873 3689 1060 3760 scriptoribus

80 3803 205 3848 narrant.
241 3791 314 3857 (Jam
340 3808 392 3845 nos
419 3791 562 3861 cognitum
586 3793 719 3846 habemus
736 3792 812 3860 quod
829 3791 981 3849 in'nostris
998 3791 1061 3847 die·

82 3898 136 3952 bus
154 3897 268 3966 quidam
294 3894 424 3950 scelerati
450 3902 480 3950 et
504 3895 659 3963 perniciosi
676 3895 769 3950 lacere
791 3897 903 3962 solent)
954 3895 1061 3951 Putant

80 4001 157 4056 enim
177 4000 365 4070 (scriptores),
381 3998 478 4056 Baulis
495 3999 656 4056 sacerdotes
672 3999 761 4056 altore
777 3999 971 4057 construxisse
986 4008 1016 4056 et
1027 3998 1059 4054 io
