2626 4906
125 655 134 661 .
165 594 242 675 lat

164 800 303 881 errore
332 802 497 902 'quidem
529 792 762 897 committo,‘
802 826 882 901 quo
922 824 1056 877 sensus
1098 813 1142 877 et

165 932 398 1042 cupiditates
424 937 603 1016 humanas
620 940 696 1015 deo
718 934 879 1040 insipidi
900 941 1138 1018 tribuebant.

163 1081 341 1158 Attamen
365 1080 494 1153 nullus
520 1078 562 1153 in
587 1077 796 1177 Ephraemi
827 1078 982 1179 scriptis
1017 1078 1140 1173 omni-

163 1218 236 1292 bus
260 1216 440 1292 incidere
466 1217 574 1290 locus
600 1215 695 1290 mihi
722 1216 824 1295 visus
850 1226 927 1308 est,
964 1241 1044 1314 quo
1081 1241 1141 1289 se-

163 1356 326 1456 paratim
351 1354 613 1429 Audianorum
635 1355 841 1429 refelleret
859 1358 1072 1426 commenta
1096 1348 1142 1427 ab

164 1493 248 1569 sine
274 1493 354 1567 ulla
380 1491 622 1567 dubitatione
649 1490 976 1582 confirmaverim,
1011 1488 1142 1564 virum

163 1629 419 1708 immortalem
445 1640 489 1702 et
520 1626 820 1703 celeberrimum
847 1626 1144 1702 assemanum

165 1766 307 1864 injuria
325 1764 400 1840 sibi
413 1763 676 1874 cumsisseffffl),
702 1766 934 1864 hymnorum
957 1764 1144 1839 adversus

164 1903 384 1978 haereticos
438 1903 747 2000 conscriptorum
796 1901 1143 1995 unettricesimum

166 2066 281 2138 quem
296 2039 492 2112 maximam
509 2049 659 2140 partem
676 2065 792 2139 supra
809 2041 911 2131 (ann.
931 2037 1024 2131 147)
1038 2030 1144 2112 tran-

165 2173 409 2274 scripsimus,
450 2175 494 2249 in
526 2175 620 2250 istos
662 2175 766 2276 ipsos
800 2176 1020 2250 haereticos
1056 2200 1142 2250 esse

167 2337 410 2388 conversum.
468 2313 587 2386 Immo
623 2339 720 2388 vero
754 2312 1145 2412 quemadmodum-'in

165 2448 213 2524 iis
233 2475 331 2547 quae
355 2457 643 2522 antecesserunt
661 2450 916 2549 proximeque
933 2440 1144 2549 insequuti:

166 2595 249 2678 tur,
293 2587 347 2660 sic
379 2586 465 2660 illic
507 2588 622 2662 etiam
652 2587 970 2662 Marcionitarum
1010 2588 1145 2661 turbas

103 2778 106 2793 .
166 2723 339 2816 incedit,
376 2748 475 2820 quae
502 2725 713 2799 secundum
739 2726 815 2798 sua
830 2725 879 2798 ad
903 2725 1067 2798 literam-
1083 2723 1144 2798 in·

166 2860 412 2959 terpretandi
438 2839 597 2935 rationis
623 2862 829 2962 principia,
860 2862 997 2954 omnia,
1025 2888 1146 2960 qnan-

167 2998 321 3082 tumvis
347 2999 807 3100 anthropomorphistico.
835 3010 907 3073 aut=
927 3001 1146 3099 anthropo-

167 3137 324 3236 pathico
352 3136 540 3234 loquendi
565 3164 674 3212 more
701 3145 829 3212 essent
855 3137 975 3230 dicta,
1015 3147 1146 3211 tamen

166 3275 227 3364 uti
252 3275 372 3348 verba
399 3285 599 3373 sonarent,
633 3276 689 3354 sio
712 3275 928 3365 retinenda
953 3275 1143 3372 putabant

166 3435 309 3507 neque
324 3411 498 3484 auctoris.
519 3409 775 3510 cogitationes
808 3436 830 3482 a
861 3411 1054 3486 sermonis
1068 3394 1143 3485 fin..

168 3546 330 3621 volnera
357 3559 469 3621 caute
496 3546 769 3623 discernebant
793 3546 870 3643 ¹⁸³),

219 3788 282 3852 182)
301 3785 330 3840 ia
347 3786 381 3840 B.
400 3786 435 3841 0.·
451 3785 477 3856 Ι.
493 3790 557 3844 Ῑθθι
574 3791 628 3851 als,

218 3894 281 3954 183)
307 3889 344 3944 cf.
367 3888 525 3944 Neandri
538 3889 579 3947 Va
594 3889 627 3949 S.
644 3889 685 3946 Va·
701 3890 885 3959 &antistans
903 3898 958 3946 etc.
974 3909 1002 3962 p.
1019 3894 1083 3949 282.
1104 3895 1143 3960 ej'.

168 3994 316 4061 turcanae
334 3993 467 4059 &timidus
483 3996 525 4050 tet
542 3992 682 4060 btistttdnn
701 3996 819 4062 &satiator
835 3995 875 4051 11.
893 3997 919 4052 2.
937 4013 966 4065 p.
986 3997 1047 4052 786.
