2626 4906
1080 541 1142 641 71²

161 767 409 867 presbytero,
428 771 508 843 tum
527 765 655 853 Tarsis
673 764 871 869 episcopo,
897 770 1006 868 cujus
1025 770 1132 846 nulla

162 894 313 978 exstant
349 904 514 1003 scripta,
563 906 610 980 ab
647 905 890 1006 Hieronymo
924 902 1133 982 memoriae-

162 1041 362 1140 proditum
387 1051 445 1116 est
469 1042 532 1135 ⁸⁶),
571 1067 659 1116 eum
684 1042 845 1119 Eusebii
869 1042 985 1117 fuisse
1011 1052 1132 1118 secta-

163 1186 299 1252 torem.
372 1177 527 1251 Etenim
574 1202 692 1276 quum
738 1176 954 1253 Diodorum
989 1204 1134 1254 omnes

162 1313 340 1412 mysticas
379 1337 405 1387 s.
439 1314 669 1412 allegoricas
702 1314 1044 1413 interpretationes
1069 1342 1131 1391 re-

162 1448 363 1549 pudiasse,
389 1449 477 1523 veri
502 1463 613 1525 certe
640 1461 699 1525 est
723 1451 974 1546 simillimum,
999 1476 1130 1549 quem-

163 1587 366 1660 admodum
411 1586 536 1661 statim
579 1585 816 1681 videbimus,
868 1588 919 1662 de
962 1587 1132 1662 Eusebio

161 1720 268 1796 idem
300 1721 401 1796 illud
433 1722 651 1798 existimare
685 1749 764 1799 non
795 1724 943 1801 dubito.
1013 1722 1130 1804 Quod

162 1859 280 1958 longe
306 1870 433 1933 tamen
457 1859 702 1934 Ernestio
722 1861 780 1952 ⁸⁷),
805 1885 921 1958 quem
945 1867 1129 1957 sequutus

163 2009 221 2070 est
245 1995 512 2071 Miinterus
537 1995 599 2089 ⁸⁹),
624 1995 785 2071 videtur
810 2014 938 2090 secus,
977 1995 1046 2093 qui
1067 1997 1130 2093 ju·

163 2132 280 2226 dicat,
305 2131 521 2208 Diodorum
547 2132 641 2206 alios
667 2132 825 2232 quidem
849 2133 969 2226 locos,
996 2142 1035 2206 at
1051 2157 1131 2207 non

163 2269 278 2343 valde
316 2269 477 2362 multos,
530 2269 694 2369 proprio
733 2269 891 2368 quidem
929 2290 1042 2344 sensu
1081 2268 1131 2343 ad

163 2404 359 2480 Christum
384 2405 609 2499 traduxisse,
635 2404 728 2480 alios
754 2432 863 2500 vero,
889 2405 1028 2504 quibus
1048 2429 1132 2479 sen-

162 2567 222 2617 sus
264 2526 419 2640 quidam
460 2542 615 2642 typicus
648 2567 670 2616 a
708 2542 848 2641 spiritu
883 2550 1014 2616 sancto
1052 2542 1132 2639 jam

161 2660 355 2778 spectatus
379 2677 544 2773 inesset,
581 2679 744 2780 mystice
781 2690 927 2754 tantum
965 2678 1015 2751 ad
1041 2690 1131 2751 'eum

161 2815 340 2892 retulisse
376 2827 415 2890 at
449 2842 546 2891 vero
583 2827 710 2892 tamen
735 2817 784 2890 ad
811 2841 899 2892 eum
924 2792 1132 2915 pertinere

155 3029 371 3048 —

213 3161 258 3224 86)
277 3157 487 3229 Hieronymi
514 3156 638 3227 Gatalog.
664 3173 689 3212 c.
713 3159 778 3214 119:
805 3154 950 3210 Diodorus
976 3150 1125 3209 Tarsensis

161 3262 327 3334 episcopus,
353 3263 417 3316 dum
434 3260 599 3316 Antiochiae
621 3268 693 3315 esset
716 3261 881 3332 presbyter,
908 3255 997 3327 magis
1014 3253 1125 3310 claruit.

161 3367 283 3420 Exstant
305 3369 365 3433 ejus
390 3365 419 3419 in
441 3365 607 3433 Apostolum
628 3362 818 3418 commentarii
840 3370 869 3417 et
893 3362 980 3416 multa
995 3358 1066 3425 alia,
1092 3356 1128 3412 ad

161 3467 279 3524 Eusebii
296 3469 385 3539 magis
401 3467 526 3524 Emiscni
543 3469 729 3521 characterem
752 3464 933 3535 pertinentiaz
960 3465 1039 3530 cujus
1064 3478 1129 3521 cum

162 3587 272 3626 sensum
289 3581 401 3627 secutus
416 3573 467 3639 sit,
493 3570 677 3639 eloquentiam
700 3567 804 3624 imitari
826 3585 881 3622 non
899 3567 992 3640 potuit
1008 3574 1128 3634 propter

162 3672 347 3744 ignorantiam
364 3675 545 3731 saecularium
562 3674 715 3728 literarum.

213 3817 258 3878 87)
277 3815 296 3868 1.
315 3814 333 3869 1.
352 3833 380 3883 p.
399 3816 459 3872 153.
494 3813 561 3867 coll.
577 3829 626 3883 pp.
645 3814 707 3869 151.
725 3811 790 3869 152..

214 3951 261 4017 88)
278 3952 297 4006 l.
315 3951 334 4006 1.
352 3969 380 4018 p.
400 3952 442 4009 15.
