2626 4906
1087 598 1138 676 ta

169 809 237 872 tuo
282 798 435 874 demum
486 799 745 898 maximopere
790 800 928 899 vigere
975 801 1137 904 incepit,

169 947 347 1010 auctores
361 937 613 1030 habebantur,
631 940 790 1034 ejusque
802 939 899 1032 fons,
918 950 982 1013 aut
999 942 1138 1018 aPauli

163 1070 405 1146 ⁴Samosateni
431 1073 635 1172 disciplina
669 1085 733 1147 aut
760 1100 779 1147 a
804 1074 968 1150 Luciani
994 1079 1136 1173 schola,

169 1234 217 1281 ex
241 1235 317 1307 qua
342 1210 454 1284 Arius
486 1213 647 1310 ejusque
673 1212 984 1310 praestantissimi
1017 1226 1137 1288 secta-

168 1357 272 1420 tores
305 1347 557 1446 prodiissent,
603 1348 870 1421 deducebatur
904 1349 958 1442 98).
1024 1349 1136 1426 Unde

169 1483 282 1556 etiam
308 1485 443 1578 fiebat,
476 1494 519 1558 ut
544 1485 711 1558 omnium
736 1486 821 1560 sere
848 1510 1001 1579 eorum,
1040 1513 1136 1584 quos

168 1620 299 1719 paullo
340 1632 428 1696 ante
454 1621 665 1716 nominavi,
704 1622 847 1720 scripta
882 1648 961 1696 non
994 1623 1136 1721 injurio

169 1757 373 1857 temporis,
421 1759 491 1832 sed
524 1759 652 1857 potius
687 1758 829 1832 timore
852 1754 904 1832 ¹et
939 1760 1030 1833 odio
1068 1761 1135 1835 vel
1221 1776 1223 1780 ’

168 1895 321 1995 pietatis
354 1895 480 1970 studio
517 1905 558 1968 et
591 1904 797 1994 praetextu
837 1893 1002 1969 interire
1034 1897 1135 1995 passi

168 2035 259 2127 sint,
306 2031 349 2106 id
381 2033 486 2131 quod
521 2032 562 2105 in
589 2056 716 2105 caussa
740 2030 1026 2106 haereticorum
1054 2027 1134 2108 sae'·

167 2170 252 2268 pius
292 2170 396 2268 apud
426 2168 663 2245 Christianos
698 2170 841 2244 factum
867 2194 949 2244 esse
976 2181 1133 2266 constat,

169 2332 215 2380 ex
250 2333 328 2404 quo
368 2306 638 2381 Constantinus
680 2305 733 2380 M.
772 2306 823 2379 de
861 2307 1134 2383 comburendis

166 2444 455 2519 haereticorum·
476 2434 629 2542 scriptis
655 2441 827 2516 dedisset
853 2443 1079 2540 exemplum.
1161 2537 1163 2540 y
1275 2434 1277 2436 ’

240 2567 274 2656 Ε
301 2580 495 2655 contrario
522 2578 648 2654 autem
672 2604 815 2672 omnes,
842 2578 910 2677 qui
932 2579 1131 2656 Ecclesiae

162 2720 283 2795 fidem
307 2717 566 2812 retinuerunt,
591 2710 831 2816 spiritualem
857 2716 895 2794 S.
919 2715 958 2793 S.
985 2716 1131 2794 intelli·

213 3069 262 3135 98)
287 3063 337 3120 Sic
359 3063 388 3119 in
416 3059 555 3118 Simeonis
577 3059 772 3115 Beth-Arsam
800 3061 880 3128 epist.
911 3058 948 3112 de
979 3058 1130 3113 Barsauma
1190 3086 1192 3092 ⁴

163 3169 301 3242 Nisibeno
319 3168 393 3236 apud
412 3167 518 3222 Assem
537 3166 570 3220 B.
589 3148 829 3230 0.1.3tasq'q.;
847 3179 989 3233 porroque
998 3162 1027 3215 in
1036 3162 1130 3215 Theos

163 3273 256 3332 doreti
275 3273 339 3329 hist.
358 3273 426 3327 eccl.
445 3271 470 3325 I.
487 3275 513 3328 3.
531 3267 581 3324 ubi
597 3268 633 3322 ab
649 3266 821 3322 Alexandro.
839 3264 1028 3320 Alexandriae
1045 3263 1130 3333 Epis·

164 3397 251 3451 copo,
279 3376 383 3444 scripta
403 3374 558 3429 invenimus
578 3373 659 3425 haec:
686 3364 720 3424 δν
745 3370 871 3434 (Παῦλον
887 3365 936 3422 τὸν
952 3369 1130 3438 Σαμοσατέο)

163 3476 361 3546 διαδεξάμενος
375 3473 518 3537 Λοκιονὸς
531 3469 748 3543 ἀποσυνάγωγος
764 3472 854 3527 ἔμεινε
871 3472 955 3547 τριῶν
971 3464 1132 3526 ἐπισκόπων

163 3588 302 3645 πολυετεῖς
314 3578 432 3660 χρόνος·
460 3569 500 3635 ὧν
521 3580 567 3647 τῆς
588 3575 715 3646 dorsetae
731 3571 780 3643 τὴν
796 3571 882 3650 τρύγα
899 3569 1080 3648 ἓρῥοφηκότες
1096 3606 1130 3620 ..

158 3681 261 3764 'liparis
278 3704 307 3740 τε
324 3687 372 3741 καὶ
387 3685 509 3756 Λχιλλᾶς
524 3699 549 3738 κ.
568 3700 591 3736 τ.
609 3682 633 3736 λ.
652 3714 685 3725 -
711 3678 862 3733 Eusebiani
880 3675 993 3732 veroin
1011 3675 1129 3749 Synodo

163 3791 330 3859 Antiochiae
351 3789 446 3844 habita
467 3787 496 3841 in
519 3782 635 3840 Luciani
659 3781 793 3851 scriptum
815 3780 928 3848 aliquod
953 3779 1034 3833 etiem
1060 3795 1130 3850 pro-⁴

164 3862 314 3959 vocalium,
343 3893 378 3946 de
402 3893 481 3958 cujus
499 3886 609 3957 origine
625 3903 694 3944 vero
711 3883 813 3940 dubius
830 3892 872 3940 est
888 3881 1020 3939 Sozom.
1039 3881 1075 3938 H.
1092 3880 1127 3938 Ε.

162 3996 220 4057 111.
238 4000 265 4058 5.
284 3997 328 4053 ed.
346 3995 474 4064 mogum
491 4009 520 4065 p.
538 3994 598 4050 6⁰3.
