2626 4906
164 606 221 654 111

163 787 185 854 ξ.
220 787 247 845 9,.
375 789 411 861 2.
426 785 983 859 Deinterpretibuschristianisqnorum

421 858 642 911 Commentarios
668 861 827 915 adhibuerit
857 863 984 934 Ephrae-

420 943 490 994 mus,
513 926 657 994 quaeritur
681 968 985 988 ............
1006 950 1068 1004 pag.
1104 941 1139 993 38

454 1031 482 1096 a)
501 1031 599 1084 Utrum
608 1031 769 1098 origenem,
787 1033 978 1098 Athanasium,

472 1101 476 1108 '
487 1100 645 1166 Irenaeum,
652 1102 805 1167 Eusebium
812 1103 981 1158 Caesarean-

487 1184 556 1234 sem,
575 1170 720 1236 Basilium,
739 1171 909 1240 Gregorium
926 1175 983 1228 Na·

491 1238 672 1306 muraenam,
691 1241 863 1310 Gregorium
880 1245 987 1315 Nyssa·

489 1323 555 1362 num
582 1310 765 1377 cognoverit,
792 1328 844 1364 nec
871 1329 922 1380 ne,
957 1311 985 1366 in

489 1376 719 1447 disceptationem
737 1389 855 1434 vocatur
864 1420 979 1436 .....
1037 1402 1048 1432 ι
1106 1388 1143 1442 39

457 1479 489 1546 b)
506 1480 552 1535 De
569 1478 688 1552 syriacis
698 1481 813 1536 Petrum
823 1499 988 1549 graecorum

494 1549 772 1618 interpretationibus
789 1553 899 1618 agitur.
918 1593 926 1606 .
945 1593 953 1607 .
972 1594 980 1608 .
1035 1574 1049 1605 a
1108 1559 1143 1612 40

178 1670 190 1702 ι
211 1653 252 1710 lo.
271 1650 432 1706 Conclusio.
462 1650 594 1705 Eruditio
612 1651 765 1721 Ephraemi
784 1653 901 1722 singulis
914 1655 989 1723 diju-

267 1721 387 1775 dicatur.
415 1720 581 1789 lllonachica
599 1723 659 1787 ejus
676 1720 734 1775 vita
751 1732 778 1775 et
794 1722 925 1779 eruditio.
952 1725 986 1778 ln

249 1792 250 1796 ’
267 1788 475 1858 philosophicis
491 1791 574 1843 rebus
585 1807 638 1857 pro
649 1799 774 1858 tempore
784 1808 835 1844 suo
845 1793 990 1859 praeclare

266 1871 404 1916 versatus.
425 1859 564 1915 Quaenam
574 1857 869 1928 lueritPhilosophiae
877 1862 990 1930 Ephra-

266 1930 322 1982 emi
339 1939 466 1999 tempore
480 1928 555 1996 apud
571 1926 662 1999 Syros
680 1928 805 1983 conditio
823 1938 851 1983 et
868 1931 988 2000 species.
1130 1980 1137 2000 ,

268 1998 374 2051 Rerum
392 1998 559 2050 naturalium
577 1996 695 2050 scientia
728 2036 980 2054 ..........
1037 2021 1048 2050 ι
1110 2001 1145 2058 42

175 2119 186 2152 a
206 2103 249 2156 11.
284 2099 324 2152 11.
344 2101 387 2152 De
403 2097 513 2162 regula
529 2114 563 2148 oc
578 2098 734 2163 praeceptis
745 2089 874 2152 iid'rormn
888 2117 985 2154 accro-

266 2173 323 2222 a'wa
339 2167 482 2234 interpreti
500 2167 535 2218 ab
553 2165 705 2231 Ephraerno
723 2168 832 2231 positia.
869 2168 983 2222 Adhor-

267 2244 341 2293 tatur
358 2235 441 2300 enim,
461 2245 491 2288 ut
508 2233 538 2290 S.
556 2232 586 2287 S.
606 2232 800 2300 interpretanti
818 2234 856 2288 sit

300 2340 329 2406 a)
348 2339 390 2392 rei
405 2334 603 2406 magnitudinis
616 2351 714 2391 sensus
728 2346 756 2392 et
769 2336 915 2394 literarum
928 2347 988 2396 stu·

337 2407 414 2462 dium
432 2406 608 2461 indefessum.

302 2513 333 2575 b)
351 2510 448 2564 Pietas
465 2508 595 2576 vitaeque
612 2505 766 2564 sinceritas.

301 2617 329 2679 c)
348 2612 378 2667 S.
396 2612 426 2667 S.
444 2610 647 2680 intelligentiae
663 2611 863 2684 propagandae
876 2611 990 2672 sincera

337 2683 477 2740 voluntas.

530 2978 676 3046 caP.
719 2979 768 3043 ΙΙ.

165 3136 345 3222 inquiritur
365 3137 399 3199 in
426 3136 510 3199 ortis
531 3135 776 3201 hermeneuticae
796 3137 928 3199 maxime
949 3134 1032 3198 inter
1054 3130 1140 3198 Ανα-

208 3240 312 3305 m'aeoa
331 3249 361 3302 et
379 3239 557 3303 scholarum
576 3241 827 3317 christianarum,
850 3237 963 3320 quibus
989 3237 1095 3302 Meso-

155 3362 159 3391 =
247 3342 389 3424 potamia
412 3343 558 3426 florebat
590 3343 678 3403 circa
709 3340 883 3422 Ephraemi
913 3350 1054 3422 tempora

540 3445 762 3508 conditionem.

164 3596 188 3666 5.
207 3598 249 3654 12
268 3593 427 3649 Exordium
438 3634 989 3652 .....................
1009 3614 1072 3665 pag.
1109 3600 1141 3653 51

178 3721 189 3752 a
209 3704 251 3757 13.
270 3698 417 3753 'l'ransitus
440 3736 986 3755 .....................
1043 3722 1054 3750 ι
1108 3704 1143 3755 52

162 3765 250 3861 ¹114.
285 3801 309 3856 l.
330 3802 373 3857 De
391 3804 554 3858 Graecorum
575 3769 680 3858 scholia
702 3811 828 3857 consueta
846 3811 907 3857 arte
925 3803 986 3858 det·-

267 3871 413 3926 armenica
435 3910 987 3929 .....................
1043 3893 1054 3923 a
1108 3876 1144 3930 53

303 3974 338 4029 A.
356 3973 505 4043 Origenes.
