2626 4906
974 589 1042 675 63.

21 836 25 841 -
59 789 202 891 gressi,
235 752 316 890 qua
350 787 441 866 aliis·
472 789 515 868 iu
540 789 679 887 terris,
695 792 848 877 'multis
874 793 1027 889 demum

59 927 219 1002 saecrdis
269 938 382 1027 post,
435 937 477 1002 et
520 930 623 1028 apud
647 940 820 1018 ,nostros
854 931 1027 1030 *quidem

58 1064 339 1140 instaurationis
365 1067 451 1139 sere
476 1077 672 1166 ternpore,
705 1066 943 1167 interpretes
968 1071 1033 1171 in·¹
1132 1090 1134 1096 ·

57 1203 207 1292 cedere
230 1202 311 1278 arisi
337 1201 437 1296 sint,
460 1203 534 1276 nisi
560 1229 678 1277 unum
703 1228 866 1280 sensum‘
880 1230 928 1280 ex
953 1186 1038 1295 lin-s

58 1365 154 1439 guae
192 1340 326 1417 indole
366 1349 408 1421 et
424 1414 426 1419 ,
441 1338 624 1425 orationis
667 1364 770 1414 nexu
812 1345 1032 1437 eruendum¹

57 1478 276 1576 scripturae.
312 1487 444 1557 sacrae
482 1502 560 1550 non
598 1477 726 1552 inesse
763 1478 1027 1573 existimarunt

57 1615 225 1712 ideoque
251 1614 306 1708 id,
340 1613 445 1711 quod
472 1638 568 1688 vere
596 1623 654 1687 est
679 1613 945 1714 interpretari,
971 1618 1029 1691 ef-

56 1753 176 1827 ficere
203 1751 447 1843 studuerunt,
474 1761 517 1823 ut
544 1751 643 1833 alter
660 1751 804 1842 librum
823 1751 1025 1851 scriptoris

57 1889 161 1965 sacri·
188 1889 346 1988 legens
356 1887 492 1962 eadem
535 1887 769 1985 cogitaret,
794 1913 893 1986 quae
940 1890 1025 1990 ipse

57 2026 228 2101 scribens
254 2023 474 2128 cogitasset.
592 2068 599 2101 2
722 2073 726 2079 -
884 2112 887 2116 g

66 2163 201 2239 Est
236 2187 345 2237 vero
372 2160 553 2275 duplex
553 2161 674 2235 altera
709 2160 826 2238 etiam
850 2102 1026 2239 conside-

55 2299 167 2375 randi
192 2299 270 2391 via,
295 2323 370 2397 qua
396 2311 560 2395 utraque
586 2298 691 2373 haud
716 2297 809 2392 scio,
835 2325 884 2374 an
897 2326 1026 2376 caussa

56 2438 108 2513 de
143 2461 218 2536 qua
251 2434 480 2534 ambigitur,
518 2433 715 2533 aliquanto
749 2434 866 2510 satius
905 2437 1027 2538 possit

56 2555 253 2676 explicari:
330 2571 400 2647 ust
436 2571 759 2647 autem-alterius
795 2572 920 2672 prima
957 2575 1026 2667 illa

55 2710 252 2812 quaestio,
265 2708 437 2810 possitne
463 2733 512 2784 ex
537 2707 756 2808 linguarum
769 2709 913 2809 optima
932 2736 1028 2787 con·

57 2849 207 2925 ditione
233 2855 275 2922 et
300 2845 523 2946 cognitione
558 2846 608 2921 ad
645 2846 908 2944 quaestionem
933 2873 1026 2924 eno·
1109 2946 1113 2953 ι

56 2987 218 3062 dandam
242 2983 403 3063 multum
427 2979 582 3082 repetii
647 2983 779 3071 Altera
808 2983 891 3077 via,
926 3011 1031 3085 quae

56 3123 190 3225 paullo
215 3093 349 3197 latiuss
364 3127 485 3220 patet,
522 3117 555 3192 si
587 3116 884 3218 progredimur,
920 3121 1025 3196 forte

57 3258 219 3337 mireris.
281 3257 418 3355 Neque
451 3265 586 3330 tamen¹
602 3279 696 3328 non·
715 3253 915 3351 rationem,
953 3283 1026 3337 cur
1058 3291 1068 3324 η

57 3397 247 3489 incedam,
273 3419 375 3492 queo
399 3392 582 3467 reddere.
643 3390 816 3490 Namque
832 3418 892 3475 ex
916 3404 1028 3471 vete·

56 3558 164 3631 rum,
201 3528 421 3630 cumprimis
456 3550 618 3627 graecae
658 3529 847 3614 ecclesiae
873 3541 1026 3630 patrum

57 3669 284 3747 testimoniis
310 3665 538 3757 censuerim,
564 3662 685 3764 Syros
698 3664 935 3761 christianos,
958 3669 1026 3768 qui

57 3807 100 3882 in
124 3831 242 3881 unum
268 3804 464 3890 verbalem
489 3800 707 3899 scripturae
728 3825 858 3878 sacrae
876 3830 1026 3879 sensum

56 3943 324 4043 inquirerent,
370 3937 556 4039 imprimis
595 3936 710 4013 etiam
750 3963 799 4014 eo
820 3927 1027 4015 ’adductos
