2626 4906
221 596 294 648 vm

221 778 372 875 dinem,
416 778 581 854 mediam
624 777 814 878 quandam
848 778 949 856 viam
990 778 1196 860 incederet

219 925 520 1017 constanterque
558 926 886 1017 persequeretur,
935 926 1052 1017 atque
1093 946 1193 1017 eum,

219 1055 288 1154 qui
313 1053 551 1154 interpretes
573 1056 678 1129 inter
698 1055 868 1130 Graecos
890 1056 1193 1156 antecessissent,

219 1194 327 1293 quod
358 1193 407 1265 ad
431 1192 653 1269 historicam
680 1201 721 1267 et
747 1194 1029 1292 grammaticam
1055 1197 1196 1272 attinet

217 1329 507 1430 interpretandi
533 1332 740 1424 rationem,
775 1329 996 1430 longissime
1022 1335 1194 1409 antecel-

217 1466 335 1542 luisse
362 1490 503 1540 omnes.

291 1743 503 1819 Praeterea
530 1742 603 1818 alia
629 1744 816 1843 quaedam
841 1742 935 1819 sciri
959 1745 1063 1839 volo,
1093 1770 1193 1844 quae

214 1882 348 1981 paucis
374 1904 477 1956 nunc
504 1883 754 1982 complectar.
812 1882 984 1982 Propter
1008 1878 1194 1981 typorum

215 2018 318 2091 enim
345 2019 583 2117 syriacorum
609 2007 825 2116 penuriam,
853 2037 972 2117 quum
997 2020 1039 2112 ii,
1066 2020 1195 2118 quiin

214 2161 372 2253 promtu
403 2162 552 2247 essent,
587 2178 751 2228 numero
778 2154 937 2251 quidem
962 2155 1195 2254 paucissimi,

214 2300 463 2364 monstrosam
507 2291 690 2390 profecto'
735 2290 896 2364 formam
939 2292 1196 2367 ostenderent

216 2437 332 2525 atque
360 2425 428 2501 alii
453 2426 564 2522 novi,
602 2426 713 2501 istius
747 2426 927 2526 quidem,
967 2427 1034 2501 cui
1066 2453 1196 2527 aspor-
1231 2476 1234 2483 -

215 2563 325 2638 tandi
351 2589 417 2639 eos
445 2588 540 2639 cura
562 2565 759 2638 commissa
776 2564 916 2656 fuerat,
938 2562 1100 2659 incuria,
1119 2592 1195 2665 per

180 2730 183 2736 ·
216 2725 355 2776 annum
391 2702 533 2774 frustra
571 2725 695 2799 usque
739 2709 1080 2800 exspectarentur,
1114 2712 1196 2776 tan-

216 2837 306 2912 dem
330 2832 512 2912 hebraeis
538 2836 598 2910 uti
622 2861 685 2911 me
712 2847 888 2913 coactum
910 2837 1004 2915 vidi.
1058 2840 1196 2914 Omnia

216 2990 356 3068 autem,
382 3013 435 3032 -
460 2973 637 3074 exceptis
663 2975 822 3072 quidem
848 2973 927 3069 his,
959 2976 1067 3075 quod
1092 2978 1196 3050 haud

215 3135 319 3205 raro,
344 3110 479 3186 nescio
508 3136 586 3211 quo
611 3111 839 3206 infortunio,
863 3113 980 3188 litera
1005 3132 1033 3191 ta
1068 3113 1194 3213 posita

216 3257 277 3320 est
302 3270 377 3346 pro
404 3276 437 3340 a,
474 3248 666 3346 Syrorum
691 3248 873 3329 Semeath
899 3271 1085 3346 congrua,
1111 3248 1193 3322 sive

217 3382 405 3480 quaedam
431 3391 577 3483 puncta
597 3381 747 3459 vocalia
772 3382 865 3456 alias
891 3381 1194 3480 interciderunt,

218 3518 396 3594 aliasvea
413 3519 577 3595 librario
594 3545 682 3595 cum
694 3518 837 3619 spuriis
850 3530 938 3595 sunt
952 3533 1193 3617 commutata,

218 3654 304 3730 sive
340 3655 407 3731 alii
445 3656 624 3768 nonnulli
664 3681 820 3732 errores
865 3666 954 3733 sunt
993 3659 1194 3753 commissi,

219 3791 290 3891 qui
327 3818 348 3867 a
381 3793 502 3892 quovi
540 3794 602 3870 rei
635 3820 756 3895 gnaro
781 3793 967 3873 facillime
993 3795 1194 3872 emendari

205 3939 380 4029 ¹possunt
405 3970 456 3988 -α-
484 3931 610 4008 omnia
637 3933 779 4033 igitur,
813 3931 847 4009 si
879 3932 950 4008 ista
977 3933 1192 4034 exceperis,
