2626 4906
995 606 1075 690 255

98 811 253 874 testatur.
289 843 331 856 -
364 806 493 889 18,10.
550 808 737 892 litaverit,
768 819 843 891 post
864 810 933 875 dies
954 810 1073 878 invasit

97 933 233 1012 spiritus
258 930 312 993 dei
339 929 439 993 malua
459 927 590 993 Saulem
612 939 642 993 et
671 932 861 993 vaticinatus
883 941 930 996 eat
952 935 986 996 in
1007 953 1069 996 me-

97 1053 152 1114 dio
168 1051 284 1131 domus
305 1069 400 1128 auae5
431 1047 465 1114 b.
490 1069 519 1113 e.
548 1048 670 1112 incidit
698 1050 734 1113 in
756 1052 928 1115 vesaniam
955 1051 1015 1130 ²⁹⁹)
1036 1057 1072 1118 et

94 1170 200 1236 uerba
221 1169 330 1234 edidit
351 1170 387 1232 in
407 1170 541 1233 insania
562 1187 624 1234 sua
649 1167 729 1250 ³⁰⁰),
760 1170 822 1235 sed
849 1176 961 1235 tamen
983 1174 1072 1237 vati·

95 1293 230 1355 cinatus
248 1294 299 1355 est
317 1296 350 1353 et
368 1288 483 1353 futura
500 1290 760 1372 praenuhtiavit.
802 1289 950 1376 Spiritus
966 1294 1069 1376 enim,

93 1413 153 1497 qui
175 1431 251 1494 eum
272 1416 413 1491 teneret,
437 1411 594 1474 eliciebat
613 1412 719 1475 verba
741 1414 825 1494 ejus.
870 1410 986 1488 Quare
1004 1414 1070 1497 igi-

92 1540 150 1596 tur
176 1532 427 1596 vaticinabatur
458 1550 526 1594 non
548 1532 672 1626 spiritu
694 1530 770 1613 dei,
800 1531 861 1610 sed
884 1533 1093 1629 agitationes

92 1653 284 1732 daemonis,
319 1652 377 1735 qui
399 1672 475 1716 eum
496 1656 635 1732 teneret,
658 1650 791 1717 ductus.
836 1652 934 1730 Quae
956 1662 1068 1719 autem

89 1768 149 1840 hic
160 1772 420 1853 vaticinabatur,
439 1791 483 1836 ex
501 1773 609 1856 signis
626 1774 695 1836 sibi
710 1773 912 1839 naturaliter
925 1775 1067 1864 (nznbin)

88 1895 200 1974 notis,
229 1894 431 1979 praesertim
452 1893 484 1958 si
506 1893 559 1978 (rra
581 1890 703 1978 tibur),
726 1900 765 1957 ut
786 1895 893 1979 aliqui
914 1895 1066 1961 tradide-

87 2019 185 2095 runt,
219 2012 341 2078 Saulus
362 2013 398 2078 in
422 2033 463 2078 eo
491 2013 608 2077 surore
637 2013 784 2080 Davidis
805 2036 946 2100 regnum
967 2037 1065 2101 prae·
1154 2050 1157 2057 ·

86 2135 305 2200 nunciabant.
353 2135 411 2216 18,
433 2134 487 2199 20.
511 2119 512 2123 ¹
532 2132 628 2198 Idem
659 2134 793 2200 scilicet
814 2138 974 2230 spiritus,
1004 2140 1064 2222 qui

86 2255 256 2322 Jonathae
278 2254 376 2318 cordi
398 2254 545 2320 Davidis
567 2275 716 2320 umorem
737 2255 928 2338 infuderat,
966 2278 1063 2322 soro-

86 2398 160 2444 rem
182 2383 256 2461 ejus
277 2377 424 2460 impulit,
455 2380 490 2440 ut
511 2375 655 2441 eundem
676 2376 713 2439 in
735 2377 929 2461 conjugium
950 2380 1063 2470 (natur)

86 2521 108 2564 ο
133 2502 229 2563 taret.

108 2522 172 2685 pb
194 2619 283 2684 Sam.
308 2621 340 2700 l,
359 2616 411 2697 21,
457 2617 589 2683 Montes
611 2615 758 2699 Gilboae,
780 2639 839 2682 nec
856 2620 980 2702 pluvia,
1002 2639 1061 2684 nee

84 2763 140 2807 roa
166 2741 293 2804 veniant
321 2758 418 2820 erepet
445 2758 512 2803 voa.
568 2718 806 2825 Non'pluvia,
841 2740 944 2822 dicit,
978 2742 1061 2826 quia

83 2863 228 2928 effusum
260 2865 312 2926 est
339 2860 375 2923 in
402 2860 501 2924 vobis
531 2879 634 2922 cruor
655 2858 761 2941 Sauli,
785 2880 847 2923 nec
877 2881 946 2941 ros,
978 2864 1059 2945 quia
1112 2864 1119 2875 ⁸

82 3003 187 3069 super
217 3002 279 3048 voa
313 2981 556 3059 contabuerunt
590 2979 757 3044 cadavera
788 2976 991 3044 Jonathanis
1024 2986 1059 3046 et

81 3106 227 3171 fratrum
261 3108 345 3187 ejus,
405 3101 522 3167 Verba
562 3099 648 3164 haec
686 3100 838 3166 indicant
874 3103 1056 3166 maximam

79 3226 326 3311 aegritudinem
344 3227 378 3290 et
393 3222 608 3303 moestitiam,
628 3242 713 3306 quae
729 3221 842 3286 sanari
855 3243 922 3286 non
933 3227 1054 3306 potest.

80 3349 213 3416 Verum
234 3346 387 3412 Davides
408 3366 475 3409 non
498 3344 646 3430 optavit,
676 3336 805 3408 montes
831 3342 909 3409 fieri
931 3344 1055 3408 steriles
1080 3334 1105 3424 f

132 3671 197 3737 299)
215 3673 274 3728 1⁷9.
293 3671 368 3766 &2:235
386 3675 410 3729 1.
429 3674 488 3731 372.
516 3671 548 3728 G.
574 3671 717 3726 adscribas
734 3670 850 3725 sormam
870 3668 942 3725 Lex.
960 3667 1052 3726 cast.

80 3790 111 3845 p.
129 3777 188 3832 924.

132 3915 197 3978 300)
215 3915 344 4002 nuttriri,
362 3913 387 3970 1.
405 3917 465 3973 372.
489 3912 520 3969 C.
538 3913 581 3968 rie
604 3912 688 3970 etiarn
708 3911 750 3971 11.
774 3913 835 3972 tbi.
859 3909 891 3969 0.
906 3924 965 3967 nec
982 3925 1051 3966 vero

80 4022 202 4112 nquam,
219 4018 296 4089 quod
312 4019 416 4089 legitur
433 4034 478 4090 ap.
496 4016 580 4099 caat
